3212 5102
602 629 605 634 -
628 609 916 654 rururuuacuusu.
1181 589 1244 656 167

295 735 429 812 petuum
454 729 651 814 perdonavit.
696 730 785 793 Item
806 727 892 793 bona
917 727 1063 793 universa
1085 729 1243 813 prioratus

296 833 355 911 sui,
380 840 523 917 tempore
548 833 632 916 regis
655 831 813 907 Edwardi,
838 832 896 896 filii
917 833 1001 916 regis
1023 832 1180 911 Edwardi,
1201 831 1242 896 ob

297 957 425 1000 causam
441 959 563 1020 guerrae
578 936 782 1020 interipsum
797 942 830 1000 et
849 958 959 1020 regem
972 937 1115 1002 Franciae
1136 944 1241 1015 motae,

296 1061 353 1123 per
367 1041 513 1104 custodes
537 1041 704 1104 domorum
726 1040 978 1123 alienigenarum
999 1040 1035 1105 in
1055 1063 1156 1125 regno
1173 1041 1242 1105 An-

297 1143 379 1226 gliae,
404 1143 445 1208 ad
472 1166 607 1208 manum
631 1143 716 1226 regis
742 1149 775 1206 et
797 1165 854 1227 per
878 1145 978 1228 ipsius
1002 1145 1111 1209 brevia
1136 1145 1244 1208 seisita

296 1246 382 1310 inter
405 1247 476 1325 alia,
493 1269 529 1311 ac
551 1246 579 1310 si
600 1247 640 1310 de
660 1245 801 1310 dominio
822 1252 854 1310 et
877 1252 1035 1330 potestate
1054 1254 1138 1312 esset
1159 1248 1243 1331 regis

297 1351 449 1428 Franciae,
469 1373 526 1434 per
541 1372 651 1434 graves
674 1371 827 1433 expensas
851 1372 887 1414 ac
909 1351 1042 1429 labores,
1066 1359 1099 1416 ‘et
1120 1352 1243 1415 instan-

297 1453 378 1518 tiam
394 1454 561 1518 sollicitam
579 1453 701 1518 domini
715 1453 871 1517 Ebulonis
886 1455 916 1518 le
933 1455 1103 1538 straunge,
1119 1455 1244 1519 comitis

298 1560 482 1638 Lincolniae‚
509 1566 588 1624 tunc
616 1558 753 1643 patroni,
776 1579 834 1641 per
858 1557 1017 1642 judicium
1042 1558 1245 1622 dominorum

297 1664 486 1742 cancellarii,
501 1663 700 1740 thesaurarii,
715 1661 872 1726 baronum
889 1663 1047 1740 scaccarii,
1063 1668 1095 1726 et
1111 1662 1246 1726 aliorum

298 1767 337 1830 de
357 1767 490 1831 concilio
513 1767 597 1850 regis
621 1766 745 1830 adhoc
770 1765 947 1848 specialiter
968 1772 1244 1848 congregatorum,

297 1870 471 1934 solenniter
485 1870 562 1934 fecit
576 1869 730 1948 relaxari3
752 1875 848 1951 prout
869 1868 1039 1933 manifeste
1061 1875 1149 1952 patet
1163 1869 1248 1933 libro

296 1974 399 2058 primo
421 1974 571 2052 censuali,
593 1973 669 2038 folio
692 1973 933 2056 quadragesimo
956 1979 1078 2056 quarto,
1102 1995 1176 2037 cum
1199 1996 1247 2038 se-

299 2077 482 2160 quentibus.
527 2076 620 2141 Idem
642 2076 741 2140 etiam
754 2076 927 2153 Walterus,
948 2075 1064 2140 ultimo
1086 2097 1144 2140 suo
1165 2084 1247 2141 tem-

298 2201 384 2263 pore,
407 2201 464 2264 per
486 2180 653 2244 dominum
676 2179 832 2243 Thomam
854 2178 894 2242 de
908 2179 1024 2256 Wake,
1045 2185 1077 2242 et
1101 2179 1170 2262 ejus
1191 2200 1247 2262 po-

297 2285 435 2352 tentiam
455 2292 621 2364 armatam,
636 2284 819 2362 insultatus,
836 2291 869 2349 et
888 2284 992 2347 taediis
1010 2283 1188 2348 innumeris
1211 2306 1248 2349 ac

297 2388 424 2472 injuriis
452 2389 552 2473 ipsius
582 2396 615 2452 et
645 2409 786 2465 suorum,
816 2389 851 2452 in
880 2388 1015 2452 marisco
1041 2395 1074 2452 et
1103 2388 1189 2467 alibi,
1212 2389 1248 2452 in

296 2492 491 2571 hominibus,
508 2493 629 2576 averiis,
646 2500 686 2556 et¹
699 2491 792 2555 bonis
813 2491 879 2554 suis
898 2491 1083 2575 ubicunque
1104 2491 1247 2569 affectus,

299 2619 356 2680 per
381 2596 542 2680 sequelam
571 2596 690 2660 bonam
718 2602 751 2659 et
775 2595 993 2659 defensionem
1016 2595 1149 2674 virilem,
1174 2596 1249 2660 licet

299 2701 425 2783 magnis
441 2700 631 2784 sumptibus,
643 2701 719 2784 jura
733 2700 783 2763 sui
797 2700 955 2784 prioratus
971 2706 1003 2763 et
1015 2699 1145 2763 domum
1158 2721 1250 2763 suam

299 2803 431 2867 illaesam
455 2803 657 2867 manuforti
682 2803 845 2868 evidenter
870 2803 1077 2866 conservavit.
1123 2802 1250 2869 Quibus

301 2907 450 2970 omnibus
465 2907 646 2990 praemissis,
663 2928 700 2970 ac
722 2907 791 2970 aliis
806 2907 927 2985 multis,
943 2914 1073 2989 propter
1088 2906 1250 2990 prolixita-

300 3018 377 3088 tem,
402 3010 455 3072 hie
484 3031 551 3073 non
575 3009 747 3093 inscriptis,
769 3009 805 3071 in
829 3016 1040 3092 augmentum
1060 3031 1157 3073 sacrae
1177 3009 1251 3072 reli-

302 3113 405 3196 gionis
420 3112 555 3177 feliciter
570 3111 810 3190 consummatis,
827 3111 950 3174 decimo
967 3112 1079 3194 quinto
1100 3112 1251 3195 praelatiae

303 3238 368 3281 suae
390 3238 485 3295 anno,
501 3215 681 3280 mercedem
702 3214 826 3298 praemii
848 3214 960 3278 aeterni
981 3223 1178 3298 recepturus,
1193 3236 1252 3298 pro

302 3319 421 3398 labore,
437 3321 522 3383 viam
541 3320 697 3383 universae
719 3318 822 3382 carnis
840 3324 888 3383 est
908 3317 1072 3400 ingressus
1080 3344 1090 3397 3
1113 3319 1166 3382 cui
1181 3341 1252 3382 suc-

303 3423 399 3488 cessit
414 3424 553 3486 Thomas
569 3423 608 3486 de
623 3421 834 3504 Nassington.

347 3528 432 3591 A.D.
464 3529 558 3590 1334.
608 3525 737 3590 Bellum
767 3525 806 3588 de
836 3521 1038 3588 Halidonhill
1066 3524 1103 3587 in
1134 3523 1252 3605 Scotia,

303 3632 388 3694 inter
403 3629 526 3713 Anglos
542 3637 574 3694 et
591 3631 712 3708 Scotos,
727 3628 784 3692 ubi
799 3627 1011 3714 quadraginta
1025 3627 1126 3692 millia
1142 3629 1253 3693 Scoto-

296 3756 377 3799 rum
406 3735 509 3798 occisa
538 3739 624 3812 sunt,
654 3740 687 3797 et
715 3733 790 3797 villa
818 3731 952 3796 Berwici
982 3731 1023 3796 ad
1051 3732 1175 3815 Anglos
1204 3739 1253 3798 est

305 3859 442 3902 reversa.

349 3943 434 4006 A.D.
460 3943 551 4005 1338.
599 3942 778 4006 Permulta
796 3941 868 4005 loca
888 3940 1016 4023 Angliae
1034 3940 1145 4005 salices
1166 3959 1254 4004 rosas

306 4046 576 4129 germinaverunt.
613 4044 685 4108 Hoc
700 4067 794 4124 anno,
811 4044 946 4128 septimo
961 4043 1173 4107 kalendarum
1189 4045 1253 4107 De-

307 4149 454 4228 cembris,
478 4149 514 4213 in
538 4149 620 4214 festo
644 4156 762 4212 sanctae
786 4148 983 4226 Katherinae,
1007 4147 1086 4211 obiit
1107 4148 1168 4231 piae
1190 4170 1254 4212 me-

307 4255 418 4319 moriae
440 4253 587 4319 dominus
607 4254 714 4318 Adam
735 4253 775 4316 de
794 4252 953 4336 Botheby,
972 4272 1075 4335 nuper
1096 4252 1194 4317 abbas
1217 4253 1258 4316 de
