3226 5100
362 605 407 666 48
669 627 865 672 ennonrcon
884 630 1017 673 suosne

364 741 514 811 omnibus
537 745 687 822 maneriis
709 745 795 811 dicto
808 747 1011 835 'monasterio
1035 747 1197 829 quondam
1219 750 1316 832 perti-

363 846 525 926 nentibus,
541 869 599 932 per
609 848 767 932 judicium
783 849 878 913 curiae
897 851 982 932 regis
998 847 1183 913 Herdonuti
1205 860 1318 916 eontra

364 951 544 1014 Kenulfum
574 957 607 1015 et
634 952 795 1031 Kinsium,
823 953 955 1017 abbates
981 953 1094 1036 Burgi,
1116 953 1222 1037 ipsum
1249 977 1316 1018 mo-

360 1054 539 1118 nasterium
562 1054 601 1118 de
617 1055 788 1140 Peykyrke
811 1078 903 1118 suam
923 1056 1156 1138 possessionem
1177 1079 1245 1121 esse
1266 1079 1316 1122 ca-

360 1155 583 1234 lumniantes3
609 1157 763 1222 defuncto
789 1158 993 1222 Brichtmero
1020 1158 1136 1223 abbate
1160 1160 1314 1244 Croylan-

362 1261 432 1340 diae,
447 1281 505 1345 per
519 1261 742 1326 investituram
756 1263 841 1344 regis
857 1263 1007 1326 Edwardi
1021 1263 1195 1345 Wulgatus
1210 1265 1316 1328 factus

361 1371 410 1432 est
426 1363 524 1428 abbas
540 1363 750 1448 Croylandiae,
768 1364 1004 1448 conventuique
1019 1365 1221 1450 croylandiae
1236 1367 1314 1431 adu-

363 1469 432 1534 nati
449 1476 525 1534 sunt
539 1470 689 1534 monachi
704 1470 777 1534 XV.
796 1516 803 1533 .
822 1517 829 1533 .

406 1573 492 1638 A.D.
518 1576 614 1637 1049.
661 1574 823 1637 Henrious
847 1574 1022 1658 imperator
1045 1573 1315 1640 innumerabilem

362 1677 568 1760 congregavit
584 1677 760 1741 exercitum
780 1685 894 1741 contra
913 1677 1117 1741 Baldwinum
1137 1679 1314 1743 Flandreu-

362 1801 430 1844 sem
456 1781 617 1858 comitem,
645 1800 682 1844 eo
709 1779 795 1863 quod
821 1781 907 1864 apud
929 1781 1136 1864 Neomagum
1158 1782 1314 1864 palatium

363 1905 458 1947 suum
484 1883 738 1967 pulcherrimum
761 1883 989 1948 combussisset
1015 1890 1049 1948 et
1075 1885 1242 1967 fregissem
1279 1886 1315 1948 in

364 2008 428 2070 qua
446 1987 648 2070 expeditione
667 1993 736 2050 erat
751 1987 818 2051 Leo
840 2009 923 2070 papa
943 2009 1016 2051 oum
1037 1989 1203 2065 Romanis,
1222 1995 1254 2052 et
1275 1989 1315 2052 de

362 2089 473 2152 multis
484 2089 579 2152 terris
591 2089 819 2173 quamplurimi
833 2089 965 2154 nobiles,
1003 2091 1130 2154 Suanus
1147 2092 1244 2154 etiam
1258 2113 1315 2155 rex

362 2191 472 2254 Daciae
486 2211 560 2255 cum
575 2192 674 2255 classe
689 2213 747 2255 sua
769 2191 815 2256 ibi
835 2192 938 2270 affuit,
954 2199 987 2257 et
1002 2177 1193 2256 fidelitatem
1213 2193 1315 2277 impe-

361 2295 460 2359 ratori
471 2294 601 2378 juravit.
647 2295 838 2378 Compulsus
854 2295 986 2358 tandem
1001 2316 1107 2359 comes
1122 2318 1197 2361 cum
1213 2297 1313 2380 impe-

360 2405 467 2463 ratore
482 2419 594 2482 pacem
608 2399 694 2462 fecit.
740 2399 807 2462 Leo
822 2421 905 2482 papa
919 2399 1046 2463 rediens
1060 2420 1118 2483 per
1133 2401 1314 2480 Franciam,

362 2501 520 2565 dedicavit
549 2501 715 2566 ecelesiam
741 2502 845 2566 saneti
871 2501 1013 2586 Remigii
1043 2503 1163 2584 Remis,
1192 2503 1252 2568 ubi
1281 2510 1314 2568 et

362 2604 533 2668 concilium
557 2605 743 2670 celebravit:
768 2627 807 2669 ex
828 2606 983 2670 Brunone
1006 2606 1149 2690 Spirensi
1171 2606 1213 2671 ad
1232 2608 1318 2672 Ileo-v

357 2729 438 2782 ¹nem
452 2730 568 2793 papam
583 2710 768 2773 Romanum
778 2719 910 2775 vocatus
925 2717 958 2772 et
972 2717 1148 2793 promotus.
1195 2711 1314 2776 Hiber-

361 2811 490 2875 nienses
507 2812 619 2895 piratae
638 2813 774 2894 triginta
795 2835 851 2877 sex
869 2812 1005 2884 navibus
1027 2814 1146 2876 ostium
1168 2813 1313 2879 Sabrinae

363 2914 533 2993 intrantes,
549 2936 624 2978 cum
646 2916 763 2980 auxilio
785 2915 914 2979 Griffini
933 2915 1017 2998 regis
1029 2917 1220 2980 australium
1241 2918 1313 2980 Bri·

361 3022 487 3095 tonum‚
512 3039 607 3100 super
630 3019 754 3101 Anglos
781 3019 867 3103 apud
889 3018 1115 3082 Wilesceaxan
1138 3019 1313 3099 irruerunt,

362 3119 438 3201 igne
454 3128 486 3185 et
500 3121 585 3185 ferro
599 3123 703 3186 multa
717 3123 803 3186 mala
817 3122 980 3186 facientes.

407 3225 491 3287 An.
517 3227 611 3288 1050.
657 3225 774 3289 Edsius
795 3224 1035 3290 cantuariensis
1060 3225 1313 3309 archiepiscopus

363 3324 443 3388 obiit
455 3351 464 3402 ;
480 3327 532 3389 cui
544 3327 695 3391 successit
707 3311 869 3391 Robertui
880 3327 1091 3391 Normannus
1104 3349 1142 3391 ex
1158 3329 1316 3391 monacho

365 3427 551 3492 Gemetensi
587 3429 691 3493 factus
729 3429 964 3494 Londoniensis
994 3429 1168 3513 episcopus,
1199 3430 1315 3494 deinde

364 3529 604 3595 Cantuariensis
627 3531 895 3615 archiepiscopus.
938 3532 1112 3596 Machetus
1131 3555 1188 3596 rex
1204 3533 1314 3598 Scoto-

362 3653 436 3694 rum
459 3633 572 3696 Romae
594 3641 765 3717 argentum
788 3634 967 3717 spargendo
988 3636 1317 3719 pauperibusdistrie

365 3734 447 3796 buit.

408 3837 493 3899 Ab.
518 3839 612 3900 1051.
662 3837 802 3902 Alfrious
825 3840 1036 3904 Eboraceusis
1059 3841 1313 3924 archiepiscopus

365 3935 455 4014 obiit,
486 3944 519 4001 et
556 3937 642 4020 apud
675 3938 823 4021 Burgum
858 3941 1035 4024 sepelitur3
1072 3943 1124 4006 oui
1161 3944 1314 4007 successit

365 4038 499 4102 Kinsius
515 4039 612 4104 abbas
627 4041 739 4124 Burgi,
755 4043 808 4106 oui
828 4045 978 4108 successit
993 4044 1099 4108 Elsius
1114 4046 1149 4109 in
1165 4046 1315 4110 abbatem

362 4148 540 4228 promotus,
563 4143 739 4207 monachus
762 4145 905 4229 ejusdem
926 4147 998 4211 loci.
1043 4148 1114 4212 Rex
1137 4149 1314 4212 Edwardus

363 4245 487 4328 Anglos
512 4268 532 4309 a
560 4247 648 4329 gravi
677 4245 809 4326 tributo,
836 4249 921 4332 quod
948 4250 1116 4332 Denegeld
1138 4249 1313 4328 dicebatur,
