3216 5104
353 542 416 605 112
655 561 851 610 canonicou
868 561 1003 610 aucun

638 807 735 873 REX
758 807 1013 873 JOHANNES.

390 980 476 1045 A.D.
494 981 588 1045 1200.
634 980 930 1064 Constantinopolis
945 980 1070 1064 capitur
1084 1001 1104 1043 a
1118 979 1250 1044 Francis
1271 985 1303 1044 et

347 1083 483 1148 Venetis
493 1105 603 1148 versus
618 1084 808 1164 Jerusalem,
821 1085 862 1148 ad
876 1082 1136 1168 praedicationem
1151 1083 1302 1147 Falconis

346 1186 387 1250 de
401 1186 511 1271 Noily,
525 1186 821 1270 proficiscentibus3
837 1193 870 1250 et
885 1185 1070 1250 Baldwinus
1086 1206 1192 1250 comes
1207 1185 1303 1248 Flan-

346 1289 425 1354 driae
438 1291 542 1354 factus
557 1298 606 1355 est
619 1291 794 1374 imperator
807 1309 865 1376 per
876 1289 1020 1354 Latinos.
1066 1288 1157 1354 Obiit
1172 1295 1302 1353 sanctus

347 1390 457 1476 Hugo,
470 1393 635 1476 episcopus
646 1392 900 1471 Lincolniensis3
916 1393 970 1457 cui
984 1392 1135 1457 successit
1149 1392 1304 1476 magister

346 1496 529 1582 willelmus
538 1496 709 1572 Blesensis,
719 1496 954 1560 lincolniensis
964 1495 1103 1560 ecclesiae
1111 1502 1301 1579 praecentor,

346 1605 550 1670 consecratus
576 1621 596 1663 a
614 1600 778 1664 Willelmo
800 1599 947 1683 episcopo
969 1597 1199 1663 Londoniensi.
1246 1599 1302 1663 Jo-

344 1702 469 1767 hannes
490 1724 547 1767 rex
561 1703 690 1786 Angliae
708 1703 837 1767 devenit
857 1703 954 1767 homo
973 1703 1057 1785 regis
1077 1703 1222 1766 Francia
1242 1724 1301 1786 pro

343 1806 437 1870 terris
462 1807 703 1885 transmarinis3
726 1813 759 1871 et
783 1806 894 1871 statim
916 1805 1005 1871 dedit
1028 1805 1201 1884 liudovico,
1225 1827 1301 1870 cunr

343 1916 482 1993 cognata
504 1932 563 1974 sua
585 1910 715 1974 domina
734 1909 901 1987 Blanchia,
920 1909 987 1972 filia
1006 1907 1107 1973 Potiti
1129 1909 1214 1992 regis
1240 1907 1300 1972 Hi-

343 2011 472 2095 spaniae,
488 2032 598 2076 omnes
613 2018 724 2089 terras,
740 2011 834 2075 urbes
850 2018 883 2076 et
898 2012 1038 2091 castella,
1055 2034 1134 2095 quas
1148 2033 1206 2076 rex
1223 2013 1300 2078 Phi·

342 2113 448 2198 lippus
462 2114 578 2179 habuit
597 2115 632 2178 in
646 2115 851 2179 Normannia
869 2114 906 2178 in
922 2122 1027 2180 morte
1047 2115 1132 2200 regis
1147 2116 1299 2196 Rieardi;

343 2219 400 2300 qui
428 2217 610 2282 Ludovicus
645 2240 721 2283 mox
758 2218 960 2302 desponsavit
983 2240 1064 2282 eam.
1134 2217 1300 2284 Artburus

343 2321 451 2400 etiam,
471 2321 562 2408 filius,
576 2322 713 2386 Galfridi
731 2320 821 2386 ducis
845 2321 1033 2402 Britanniae,
1052 2321 1180 2386 devenit
1201 2323 1300 2388 homo

342 2423 428 2506 regis
454 2424 613 2489 Johannis
636 2425 676 2489 de
694 2424 874 2502 Britannia,
894 2434 927 2490 et
950 2426 1020 2490 aliis
1043 2426 1138 2490 terris
1161 2427 1238 2506 suis,
1258 2426 1299 2491 de

343 2547 501 2592 consensu
515 2528 600 2609 regis
615 2528 769 2593 Francia.
814 2527 997 2594 Divortium
1016 2531 1054 2594 fit
1075 2528 1162 2594 inter
1176 2531 1197 2594 J
1199 2531 1299 2594 ohan-

342 2649 419 2692 nem
433 2651 543 2714 regem
558 2637 591 2694 et
607 2631 793 2716 Hawysiam
807 2651 941 2695 uxorem
956 2652 1057 2710 suam,
1074 2632 1150 2714 quia
1163 2653 1297 2697 consan-

343 2731 461 2814 guinea
484 2739 563 2797 erat.
609 2732 700 2797 Obiit
719 2732 867 2797 Andreas
887 2733 986 2798 abbas
1005 2734 1129 2818 Burgi3
1152 2735 1205 2799 cui
1227 2757 1298 2800 suc-

342 2836 437 2899 cessit
461 2835 620 2900 Acharius
647 2837 750 2902 sancti
775 2836 896 2901 Albani
926 2836 1055 2922 [prior].
1101 2837 1201 2922 Clyva
1223 2839 1297 2903 fun·

343 2939 449 3019 dabir,
465 2939 532 3003 filia
546 2939 702 3025 Revesby.

393 3043 479 3107 A.D.
506 3044 601 3107 1201.
655 3043 848 3109 Eustachius
878 3043 976 3116 abbas
1003 3044 1215 3110 Flaviacensis
1240 3067 1298 3130 per

342 3146 496 3229 Angliam
513 3145 600 3210 diem
614 3146 822 3212 Dominicum
842 3147 1024 3212 feriandum
1047 3147 1208 3230 praedicat,
1224 3155 1258 3213 et
1277 3157 1298 3212 a

341 3249 530 3314 mercaturis
553 3250 666 3314 eodem
686 3250 737 3316 die
756 3249 916 3315 abstinere
935 3250 1102 3340 hortatum
1126 3257 1166 3319 et
1185 3273 1297 3316 omnes

339 3353 407 3418 fere
429 3354 470 3418 ad
491 3354 553 3419 hoc
571 3360 646 3419 voto
667 3354 867 3437 constringit
912 3353 1077 3418 Mirabilia
1099 3377 1219 3438 magna
1240 3377 1298 3440 per

341 3457 495 3542 Angliam
519 3457 722 3522 acciderunt:
756 3457 913 3540 sanguiue
936 3457 986 3522 vel
1009 3457 1049 3522 dc
1071 3458 1223 3539 vestibus,
1247 3459 1298 3523 vel

341 3581 381 3624 ex
400 3561 469 3624 aliis
488 3560 598 3640 rebus,'
610 3561 762 3625 stillante.
806 3561 900 3625 Aeris
919 3561 1125 3645 intemperies
1145 3562 1295 3641 maxima,

341 3662 471 3745 fulgura
490 3662 602 3742 invisa,
622 3663 768 3727 tonitrua
792 3663 913 3744 crebra,
937 3671 970 3729 et
991 3661 1219 3730 inundationes
1242 3685 1295 3729 ex-

341 3764 477 3829 cessivae.
521 3764 615 3828 Circa
633 3766 702 3830 haec
724 3771 870 3850 tempora
888 3766 1096 3832 Tartarorum
1115 3767 1296 3831 dominium

340 3867 472 3930 initium
493 3865 619 3931 habuit.
664 3868 879 3934 Pontifieante
902 3891 978 3954 ergo
998 3872 1191 3936 Innocentio
1212 3891 1295 3955 papa
1355 3931 1358 3936 .

341 3971 378 4036 in
391 3971 472 4035 urbe
488 3971 644 4050 Romana,
654 3971 928 4057 regnantibusque
938 3974 973 4038 in
984 3975 1121 4040 Francia
1135 3975 1293 4058 Philippo,

342 4082 376 4140 et
405 4074 440 4139 in
468 4074 590 4158 Anglia
612 4074 772 4156 Johanne,
798 4077 946 4160 regibus3
984 4079 1071 4161 apud
1095 4078 1294 4165 Alamannos
1374 4073 1378 4080 ’

344 4169 483 4259 Othone,
499 4185 532 4244 et
547 4179 633 4263 apud
648 4179 777 4246 Graecos
792 4179 968 4261 Baldwino,
984 4181 1217 4266 imperantibus
1225 4206 1235 4259 3
1258 4181 1294 4252 iu
