3218 5098
357 621 401 682 44
656 641 854 684 cnaourcou
875 640 1010 683 aucuia

402 757 485 821 ΑΙ).
505 758 599 822 1026.
638 757 729 822 Obiit
745 758 901 823 Ricardus
924 759 973 837 II,
994 759 1060 823 dux
1079 758 1308 823 Normanniae:

359 861 511 926 successit
534 861 690 925 Ricardus
715 863 782 941 III,
807 863 869 942 cui,
897 862 1009 938 codem
1036 884 1122 926 anno
1148 862 1311 941 defuncto,

358 964 508 1028 successit
523 965 623 1029 frater
638 967 707 1049 ejus
723 964 896 1030 Robertus.

399 1067 484 1130 Α.Ι).
502 1070 596 1133 1027.
642 1068 713 1132 Rex
736 1068 864 1132 Cnutus
889 1068 1146 1151 Norwegienses‚
1172 1069 1309 1133 Olavum

355 1192 464 1253 regem
494 1193 589 1235 suum
617 1180 747 1254 propter
772 1173 842 1256 ejus
872 1173 1078 1236 sanctitatem
1107 1178 1306 1256 spernentes,

357 1295 435 1338 auro
450 1281 483 1338 et
498 1282 632 1358 argento
647 1275 682 1338 in
697 1297 789 1338 suam
803 1282 928 1358 partem
943 1275 1051 1338 traxit.

403 1377 489 1442 ΑΙ).
516 1379 610 1442 1028.
651 1378 721 1441 Rex
747 1378 874 1441 Cnutus
905 1377 1139 1461 quinquaginta
1167 1377 1312 1442 rostratis

358 1480 492 1544 navibus
514 1481 720 1564 Norwegiam
743 1481 903 1560 devectus,
920 1481 1058 1545 Olavum
1079 1502 1189 1564 regem
1212 1501 1311 1563 expu-

357 1584 405 1664 lit,
422 1590 455 1648 et
470 1584 530 1648 sibi
546 1585 692 1670 subjecit.

401 1689 485 1752 ΑΙ).
512 1691 606 1754 1029.
652 1690 723 1753 Rex
752 1689 889 1768 Cnutus,
921 1688 1098 1772 composita
1126 1689 1308 1771 Norwegia,

357 1793 511 1875 Angliam
525 1793 651 1876 repetit.
1317 1825 1323 1836 ·

400 1897 604 1960 A.D.1030.
644 1896 782 1960 Sanctus
806 1896 927 1961 Olavus
948 1917 1093 1960 reversus
1116 1895 1152 1959 in
1175 1896 1309 1960 Norwe-
1356 1925 1363 1937 ·

357 1999 453 2083 giam,
470 2022 489 2063 a
504 2000 569 2063 suis
584 2000 820 2084 martyrizatur.

399 2103 484 2168 ΑΙ).
510 2105 603 2166 1031.
638 2105 708 2167 Rex
730 2103 856 2168 Cautus
879 2103 1017 2166 Romam
1041 2102 1161 2178 adiens,
1185 2125 1204 2166 a
1226 2125 1308 2187 papa

357 2206 379 2269 J
380 2203 506 2269 ohanne
529 2211 562 2268 et
583 2205 731 2269 Conrado
753 2205 954 2289 imperatore,
976 2205 1108 2288 aliisque
1129 2205 1256 2288 magnis
1276 2212 1310 2269 et

356 2307 468 2372 multis
485 2308 684 2392 principibus
702 2308 935 2386 transmarinis,
955 2307 990 2370 in
1011 2306 1152 2390 paschali
1171 2307 1309 2370 solenni-

356 2419 424 2477 tate
442 2411 490 2475 ibi
508 2412 720 2496 congregatis,
736 2411 911 2476 honorifice
931 2411 1113 2495 suscipitur,
1135 2411 1309 2496 eleemosy-

356 2537 414 2579 nas
434 2515 553 2579 multas
573 2522 606 2580 ct
623 2516 728 2598 largas
748 2515 794 2579 ibi
814 2515 942 2595 faciens,
959 2513 1217 2578 emendationem
1234 2514 1308 2578 vitae

356 2639 464 2682 coram
479 2619 598 2682 sanctis
614 2619 764 2702 apostolis
778 2618 824 2681 ibi
839 2619 1019 2702 pollicetur.
1057 2618 1219 2682 Robertus
1233 2618 1308 2701 piis·

357 2720 456 2784 simus
470 2742 527 2785 rex
542 2723 740 2786 Francorum
756 2722 855 2786 obiit:
880 2721 1031 2785 successit
1048 2718 1209 2784 Hemicus
1224 2721 1309 2785 lilius

357 2825 427 2908 ejus
445 2823 565 2909 junior,
589 2826 700 2888 matris
722 2825 869 2904 factione,
894 2825 1031 2888 maxime
1053 2825 1221 2889 annitente
1243 2826 1310 2889 Ro-

355 2927 447 2992 berto
463 2929 544 2992 duce
559 2929 781 2993 Normanniae.

399 3029 484 3094 ΑΙ).
520 3031 614 3094 1032.
658 3031 802 3095 Ecclesia
831 3030 935 3095 sancti
966 3030 1132 3095 Edmundi
1160 3030 1245 3114 regis
1274 3038 1308 3096 et

356 3133 505 3218 martyris
526 3133 672 3198 dedicata
691 3141 750 3213 est,
770 3134 806 3196 in
827 3156 891 3218 qua
910 3155 967 3197 rex
985 3134 1122 3212 cnutus,
1143 3135 1309 3198 communi

356 3237 488 3300 consilio
519 3237 693 3320 praesulum
727 3257 764 3301 ao
797 3236 991 3320 optimatum
1025 3258 1167 3315 suorum,
1197 3237 1307 3321 ejectis

356 3340 560 3404 saecularibus
586 3340 790 3426 presbyteris,
814 3340 989 3404 monachos
1013 3341 1165 3404 instituit.
1215 3341 1308 3424 Ignis

357 3465 439 3528 pene
458 3445 714 3528 inextinguibilis
733 3445 837 3509 multa
854 3466 912 3529 per
926 3444 1080 3528 Angliam
1094 3445 1164 3508 loca
1179 3465 1310 3509 concre-

357 3545 465 3609 mavit.

401 3646 482 3710 Α.1).
510 3648 604 3710 1035.
650 3648 720 3711 Rex
747 3648 873 3712 Cnutus
902 3650 1049 3714 Suanum
1078 3650 1181 3715 filium
1211 3674 1308 3717 suum

355 3769 465 3830 regem
491 3747 586 3831 super
611 3748 817 3833 Norwegiam
842 3753 1020 3832 constituit,
1047 3775 1143 3838 super
1172 3755 1307 3820 Daciam

356 3848 585 3914 Hardcnutum
600 3852 716 3915 Emma
734 3854 881 3936 genitum
895 3857 1010 3939 posuit,
1028 3863 1061 3920 et
1079 3878 1146 3920 non
1165 3859 1307 3923 multum

354 3959 426 4036 post
442 3953 521 4017 obiit
530 3980 540 4033 ;
562 3955 615 4018 cui
630 3957 781 4020 successit
798 3958 960 4022 Haroldus
976 3981 996 4024 a
1010 3960 1113 4023 Danis
1129 3967 1162 4025 et
1177 3961 1305 4026 Londo-

354 4055 518 4120 niensibus
542 4058 672 4137 electus,
698 4058 783 4123 filius
806 4060 867 4124 iste
892 4061 992 4126 Cnuti
1018 4084 1056 4127 ex
1082 4063 1150 4127 filia
1176 4065 1310 4130 Ellelmi

354 4160 478 4224 comitis
498 4161 579 4226 Daci
600 4169 792 4245 generatus,-
814 4164 956 4230 sednon
976 4168 1080 4233 multo
1101 4174 1175 4252 post
1198 4169 1307 4233 Hard-

353 4270 471 4328 cnutus
501 4285 576 4330 cum
607 4266 752 4332 Haroldo
780 4288 918 4352 regnum
947 4271 1096 4354 partitur.
1143 4271 1305 4338 Robertus
