3212 5102
658 653 948 698 11111111111111.
1235 635 1278 698 93

369 770 454 835 Am.
480 769 575 833 1146.
614 770 684 834 Rex
701 769 885 853 Stephanus
903 768 1081 833 Lincolniae
1097 775 1278 834 coronatur.

318 873 494 964 'Eugenius
509 894 592 957 papa
606 873 647 937 ad
662 873 725 937 iter
736 874 757 936 J
759 872 1047 957 erusolymitanum
1061 873 1097 936 in
1111 872 1281 937 Franciam

327 977 503 1041 descendit.
551 976 706 1058 Signatus
723 974 906 1040 Ludovious
920 996 977 1039 rex
992 975 1136 1040 Manciae
1144 1000 1155 1054 ;
1177 975 1280 1039 Theo-

327 1081 423 1145 dorus
444 1101 551 1144 comes
572 1079 741 1158 Flandriae,
764 1085 797 1142 et
817 1100 923 1143 comes
944 1079 984 1142 de
1005 1085 1117 1147 sancto
1138 1077 1280 1162 AEgidio,

326 1206 401 1248 cum
426 1183 538 1247 multis
562 1183 642 1262 aliis,
668 1183 798 1266 signum
822 1182 924 1246 crucis
948 1183 1121 1266 accipiunt.
1166 1182 1281 1247 Conci·

327 1288 408 1351 lium
429 1286 540 1351 Remis
561 1284 752 1364 celebratur,
768 1291 800 1349 et
818 1288 1022 1350 Sammenses
1042 1285 1193 1350 monachi
1213 1285 1281 1349 Cis-

327 1389 540 1455 terciensibus
554 1388 812 1472 incorporantur.
848 1389 1016 1453 Conradus
1031 1410 1106 1453 cum
1120 1389 1232 1454 multis
1247 1389 1282 1452 in

326 1492 523 1558 Alemannia
540 1512 634 1556 cruce
653 1491 810 1574 signatur.
857 1491 1002 1554 Hilarius
1022 1490 1130 1555 factus
1147 1496 1196 1554 est
1216 1490 1281 1574 epi-

329 1619 443 1682 scopus
459 1594 677 1660 Cicestrensis.
723 1594 868 1658 Ecclesia
883 1593 1094 1678 Croylandiae,
1110 1614 1185 1658 cum
1199 1593 1283 1656 mul-

328 1703 371 1765 tis
386 1700 532 1778 officinis,
549 1704 783 1763 concrematur.

372 1803 457 1868 A.D.
475 1805 572 1869 1147.
610 1802 793 1884 Imperator
807 1799 976 1865 Conradus
995 1821 1070 1866 cum
1089 1821 1208 1883 magno
1229 1822 1283 1884 ap-

330 1913 446 1992 paratu
470 1905 708 1991 Jerusolymam
733 1905 834 1988 petit3
866 1903 923 1969 sed
945 1903 1077 1968 insidias
1099 1903 1135 1968 in
1158 1904 1284 1984 itinere,

329 2018 368 2076 ut
383 2010 512 2089 dicitur,
527 2010 601 2074 dolo
617 2009 804 2072 Graecorum
825 2028 1003 2091 perpessus,
1019 2007 1072 2072 vix
1086 2029 1161 2071 oum
1175 2008 1285 2092 paucis

331 2113 372 2178 de
396 2119 491 2178 tanta
515 2111 726 2176 multitudine
752 2111 861 2175 evasit.
915 2112 986 2174 Rex
1012 2110 1110 2175 etiam
1139 2111 1285 2175 Franciae

331 2217 515 2282 Ludovicus
530 2237 604 2281 oum
619 2236 718 2279 uxore
732 2214 945 2299 proficiscens,
961 2235 1071 2279 casum
1086 2214 1285 2278 consimilem

332 2326 482 2405 expertus
497 2325 556 2384 est.
601 2319 779 2384 Damascus
800 2319 868 2383 sine
888 2318 1006 2382 effectu
1026 2317 1201 2396 obsidetur,
1220 2317 1285 2381 fac-

328 2426 418 2490 tione
443 2423 698 2508 Templariorum
724 2427 899 2501 causante;
924 2421 1184 2506 peregrinatione
1209 2443 1286 2506 ergo

331 2530 426 2610 facta,
443 2529 612 2595 Conradus
628 2535 661 2594 et
676 2528 858 2594 Ludovicus
873 2527 915 2592 ad
930 2549 988 2591 sus
1001 2527 1151 2592 redeunt.
1189 2527 1285 2591 Alex-

332 2632 433 2698 ander
461 2633 628 2718 episcopus
657 2632 893 2697 Linoolniensis
922 2631 1020 2710 obiit;
1053 2631 1106 2695 cui
1135 2631 1286 2695 successit

333 2737 496 2803 Robertus
518 2736 558 2801 de
581 2737 759 2821 Cheyneto.
804 2735 941 2800 Brueria
964 2741 997 2799 et
1020 2734 1192 2800 Biolesden
1212 2734 1286 2798 fun-

333 2840 463 2906 dantur.
509 2839 652 2905 Abbatia
667 2839 707 2903 de
724 2839 862 2904 Salteria
876 2839 1043 2903 fundatur.

376 2945 460 3010 A.D.
494 2946 589 3008 1148.
639 2942 801 3008 Robertus
837 2943 1003 3027 episcopus
1041 2941 1287 3006 Herefordensis

333 3047 433 3113 obiit:
456 3047 609 3112 successit
625 3046 792 3110 Geraldus.
839 3046 952 3129 Drugo
967 3045 1142 3108 vicecomes
1159 3044 1288 3108 lincol-

333 3155 407 3233 niae,
428 3153 522 3218 miles
547 3150 751 3228 fortissimus,
772 3155 805 3214 et
832 3149 981 3212 dominus
1007 3147 1046 3212 de
1070 3146 1172 3212 Holm
1194 3148 1289 3230 juxta

337 3254 518 3339 Grimesby,
543 3253 796 3337 repetundarum
821 3271 896 3314 reus
921 3250 1105 3333 exlegatur3
1133 3249 1198 3332 qui,
1221 3271 1289 3314 non

329 3356 571 3441 ‚contemptibili
600 3376 701 3418 manu
730 3353 874 3431 collecta,
903 3352 1109 3435 Norwegiam
1133 3351 1226 3436 petiit
1255 3360 1289 3418 et

336 3460 539 3545 subjugavit3
562 3458 629 3522 filia
651 3457 746 3540 regis,
771 3463 804 3520 et
827 3456 978 3540 ejusdem·
994 3455 1132 3535 haerede,
1156 3455 1217 3519 sibi
1240 3477 1289 3520 as·

337 3571 467 3650 sumpta
485 3564 521 3628 in
543 3583 684 3640 uxorem,
700 3560 870 3649 superstite
889 3561 925 3625 in
939 3559 1059 3643 Anglia
1073 3558 1218 3643 legitima
1231 3581 1289 3624 ux-

338 3689 393 3734 ore
408 3689 475 3747 sua,
491 3666 548 3732 sed
562 3665 715 3732 oblivioni
728 3665 858 3731 tradita.
904 3663 1013 3748 Hujus
1028 3664 1194 3749 Drugonis
1208 3664 1291 3730 mira

338 3777 430 3856 gesta
450 3770 613 3857 leguntur,
638 3767 798 3853 quomodo
820 3766 862 3832 ad
882 3787 1022 3852 regnum
1043 3766 1163 3831 viribus
1185 3772 1218 3831 et
1240 3766 1289 3830 in·

339 3874 463 3940 dustria
492 3872 681 3952 ascenderit,
712 3878 746 3937 et
775 3870 936 3955 quomodo
964 3868 1097 3935 tandem
1126 3870 1290 3936 maleficiis

331 3979 438 4044 Bellae
452 3977 493 4043 de
507 3977 627 4042 Wathe
642 3975 795 4059 Angliam
808 3973 940 4040 redierit
948 3998 958 4052 3
981 3973 1038 4038 sed
1059 3972 1129 4038 haec
1149 3979 1290 4057 postmo-

339 4083 428 4147 dum.
489 4081 628 4145 Sanctus
658 4079 823 4144 Gilbertus
852 4077 994 4143 instituit
1022 4076 1169 4142 ordinem
1200 4077 1290 4141 Sem-

338 4184 632 4270 pringhamensem.

381 4289 467 4353 A.D.
499 4289 592 4351 1149.
647 4284 808 4349 Henricus
844 4283 930 4348 filius
966 4281 1187 4366 imperatricis,
1217 4281 1291 4347 filiae
