3212 5102
412 637 475 701 132
708 655 905 700 onnomcou
924 644 1059 699 suumin

410 773 625 856 exprimendo.
653 772 851 856 Principium
862 793 936 836 vero
951 772 1040 836 tertii
1054 772 1161 855 posuit
1176 771 1211 834 in
1223 771 1364 851 Christo,

410 875 539 955 seilicet,
556 881 576 911 “
586 876 629 941 In
643 875 739 940 tertio
759 875 882 939 mundo
897 875 997 939 Filius
1013 875 1076 938 Dei
1090 883 1241 938 nascetur
1253 896 1292 939 ex
1302 877 1365 938 vir-

409 975 484 1058 gine
495 977 611 1055 Maria,
625 983 657 1040 et
676 998 734 1060 pro
750 977 853 1040 salute
867 976 1038 1041 hominum
1052 977 1228 1061 patietur.'’
1267 978 1365 1044 Quod

408 1081 519 1163 legens
534 1081 678 1160 Judaeus‚
695 1101 768 1144 oum
784 1081 880 1145 domo
895 1103 954 1145 sua
968 1081 1150 1164 baptizatus
1166 1088 1225 1145 est.
1258 1083 1366 1166 Serip-

409 1188 482 1246 tum
511 1183 609 1247 etiam
634 1190 712 1261 erut,
734 1183 820 1266 quod
841 1190 987 1268 tempore
1006 1184 1155 1263 Ferandi,
1179 1185 1264 1269 regis
1288 1186 1365 1249 Cas·

408 1286 504 1366 tellae,
518 1285 601 1350 liber
616 1285 746 1350 deberet
761 1286 908 1350 inveniri.

451 1388 536 1453 A.D.
563 1390 659 1453 1232.
706 1389 902 1472 Compositio
931 1389 1036 1473 prima
1065 1390 1151 1454 faeta
1180 1395 1248 1453 erat
1278 1391 1365 1454 inter

411 1490 640 1554 Constantium
660 1490 810 1554 abbatem
825 1490 1105 1574 Andeguvensem,
1121 1500 1153 1557 et
1172 1493 1364 1577 praediotum

411 1594 575 1657 Simonem
590 1594 729 1677 priorem
745 1593 949 1677 Spaldingiae.
984 1596 1123 1679 Insuper
1138 1595 1250 1659 eodem
1266 1617 1362 1675 anno,

410 1697 474 1762 nive
490 1719 576 1762 anno
590 1697 735 1781 proximo
750 1698 897 1781 sequenti
912 1698 1008 1781 juxta
1023 1698 1187 1782 quosdam,
1203 1698 1283 1762 obiit
1298 1699 1362 1762 Ra-

407 1800 560 1885 nulphus,
576 1821 682 1865 comes
698 1800 831 1865 Cestriae
851 1805 884 1863 et
906 1800 1056 1864 dominus
1079 1800 1120 1864 de
1141 1799 1362 1884 Bolyngbrok,

408 1904 494 1988 apud
509 1910 651 1968 cestrum
672 1925 767 1967 nuum
787 1903 828 1966 de
841 1902 1068 1986 Wollingford,
1083 1903 1118 1965 in
1134 1903 1243 1986 vigilia
1259 1903 1362 1966 Simo-

407 2008 459 2072 nis
474 2014 507 2071 et
523 2008 544 2070 J
545 2008 626 2072 udae.
673 2005 740 2070 Iste
754 2006 817 2070 fuit
832 2007 972 2090 inclytus
993 2013 1025 2070 et
1046 2007 1202 2090 gloriosus
1217 2006 1307 2070 valde
1326 2007 1361 2069 in

393 2115 478 2174 toto
488 2131 606 2192 regno:
630 2109 722 2194 cujus
735 2108 914 2186 haereditas,
929 2109 1004 2192 quia
1018 2129 1085 2172 non
1099 2108 1214 2172 habuit
1228 2109 1360 2192 prolem,

408 2212 508 2276 divisa
529 2219 578 2277 est
599 2212 686 2276 inter
708 2218 846 2295 quatuor
868 2232 991 2275 sorores
1001 2237 1011 2289 3
1035 2211 1155 2275 scilieet
1178 2211 1360 2290 Matildem,

406 2337 539 2379 uxorem
550 2315 655 2379 David
670 2315 796 2379 comitis
806 2341 816 2393 3
843 2314 1023 2394 Mebiliam,
1036 2336 1169 2379 uxorem
1180 2315 1306 2378 comitis
1318 2314 1359 2378 de

406 2418 574 2496 Anmdel;
597 2425 630 2483 et
652 2419 825 2502 Agnetem,
848 2439 981 2482 uxorem
995 2419 1150 2482 Wiilelmi
1172 2418 1298 2482 comitis
1321 2419 1362 2483 de

406 2520 580 2599 Ferrariis3
604 2526 637 2584 et
653 2521 839 2599 Hawisiam,
853 2542 924 2605 quae
940 2522 1049 2604 nupsit
1066 2521 1208 2586 Roberto
1221 2521 1359 2606 Quincy,

407 2623 518 2687 comiti
532 2623 719 2687 Wintoniae.
753 2624 804 2687 De
820 2623 913 2687 terris
929 2623 1008 2707 ejus,
1025 2622 1130 2686 senior
1145 2643 1233 2686 soror
1247 2622 1361 2686 sortita

407 2732 456 2790 est
480 2726 669 2791 comitatum
693 2725 843 2804 Cestriae3
869 2725 891 2788 i.
908 2746 936 2790 e.
961 2723 1119 2802 Matildis,
1141 2746 1212 2808 quae
1235 2726 1360 2809 peperit

406 2828 590 2892 Johannem
612 2826 653 2890 de
677 2827 794 2905 Scotia,
810 2833 922 2910 postea
935 2827 1087 2890 comitem
1103 2827 1244 2891 Cestriae.
1290 2829 1359 2892 Iste

406 2932 572 2995 Johunnes
590 2930 706 2995 hebuit
726 2937 864 3014 quatuor
887 2952 1008 2994 sorores
1018 2957 1027 3009 ;
1051 2930 1172 2994 seilicet
1193 2931 1358 3014 Margare-

404 3041 484 3113 tam,
503 3056 574 3118 quae
593 3034 704 3118 nupsit
723 3034 830 3098 Alano
850 3033 890 3096 de
912 3033 1052 3117 Galwey,
1073 3042 1105 3097 et
1125 3032 1239 3096 habuit
1259 3034 1359 3098 filiam

405 3138 536 3202 nomine
551 3138 772 3221 Deinagelam,
789 3159 859 3220 quae
873 3137 985 3220 nupsit
1002 3138 1022 3201 J
1024 3136 1145 3200 ohanni
1168 3135 1207 3200 de
1230 3136 1357 3200 Baliolf.

407 3240 558 3306 Secunda
579 3263 667 3306 soror
689 3241 858 3318 Johannis,
881 3239 967 3303 dieta
989 3238 1137 3317 Isebella,
1159 3239 1270 3322 nupsit
1293 3238 1358 3302 Ro·

404 3343 497 3408 berto
517 3345 630 3423 Breus,
647 3366 717 3427 quae
739 3343 862 3427 peperit
883 3341 1064 3406 Robertum
1085 3362 1205 3424 regem.
1250 3341 1359 3406 Tertia

405 3448 503 3526 soror,
512 3448 669 3528 Matildis,
679 3430 759 3513 obiit'
767 3448 915 3538 innupta.
939 3446 1065 3512 Quarta
1075 3469 1172 3525 soror,
1182 3446 1265 3525 Ada,
1275 3469 1358 3530 nup-

405 3551 447 3614 sit
464 3550 607 3615 Henrioo
623 3551 775 3635 Hasting‚
793 3571 863 3634 quae
878 3550 1001 3633 peperit
1019 3549 1197 3614 Henrioum
1215 3550 1359 3633 Hasting

400 3651 572 3734 juniorem.
596 3651 658 3714 isti
668 3657 734 3715 tres
746 3643 876 3734 cognati
888 3658 999 3735 postea
1008 3659 1187 3736 posuerunt
1198 3652 1358 3716 clameum

403 3754 439 3816 in
462 3755 563 3836 regno
588 3755 721 3819 Scotiae:
747 3755 912 3819 Johannes
936 3756 1021 3820 fflius
1046 3755 1205 3819 Johannis
1230 3756 1356 3835 Baliolf‚

404 3843 566 3920 Robertus
595 3857 680 3920 filius
709 3856 844 3921 Roberti
874 3858 986 3937 Breus,
1017 3864 1050 3923 et
1080 3859 1243 3922 Henricus
1272 3859 1357 3922 filius

404 3957 540 4023 Henrioi
563 3960 715 4042 Hosting.
762 3960 904 4023 Hauisia
922 3982 998 4025 vero
1018 3961 1158 4046 Quincy,
1174 3967 1287 4045 quarta
1307 3983 1356 4025 so-

402 4086 457 4154 ror
471 4063 646 4148 Ranulphi,
663 4063 776 4127 sortita
797 4069 846 4128 est
869 4065 1059 4129 comitatum
1081 4065 1269 4143 Linoolnioe,
1286 4085 1358 4147 quoe

402 4168 525 4254 peperit
554 4167 785 4251 Margaretnm,
818 4169 964 4252 [uxorem
993 4167 1145 4250 Walteri]
1180 4166 1358 4230 Morisealli

402 4272 528 4338 comitis
547 4271 587 4336 de'
608 4269 780 4350 Pembrok,
797 4292 860 4354 quo
875 4278 1013 4350 mortuo,
1029 4271 1142 4356 nupsit
1158 4271 1178 4336 J
1180 4269 1302 4335 ohanni
1317 4269 1357 4332 de
