3218 5098
641 656 932 704 rararaonennsn.
1221 645 1265 708 59

310 773 430 851 fordiae,
454 772 488 836 in
512 772 597 856 regis
621 794 746 837 carcere
769 775 948 839 consenuit.
994 776 1166 840 Waltenns
1189 799 1264 843 vero

311 878 497 957 decollatus,
513 885 546 941 et
565 879 601 940 in
621 878 705 941 fossa
725 879 890 943 communi
910 880 1063 963 sepultus,
1082 888 1154 962 post
1170 882 1263 964 quin·

311 981 414 1044 decim
427 980 494 1044 dies
506 989 622 1063 rogatu
634 982 656 1044 J
657 981 779 1045 udithae
793 983 901 1045 uxoris
917 1003 983 1046 suae
999 990 1031 1046 et
1045 984 1152 1066 neptis
1167 985 1263 1066 regis,

310 1084 483 1167 impetrata
502 1084 632 1147 licentia
653 1106 672 1147 a
691 1105 766 1166 rege
785 1106 843 1168 per
857 1086 1110 1165 Wulfketulum,
1127 1109 1165 1150 ex
1181 1088 1264 1151 Bur·

311 1187 402 1270 gensi
424 1187 583 1251 monacho
606 1188 640 1250 in
668 1187 818 1251 abbatem
843 1189 1044 1273 Croylandiae
1068 1198 1263 1273 promotum,

311 1291 460 1354 vicesimo
483 1311 568 1355 anno
588 1291 753 1372 regiminis
774 1291 824 1354 sui
843 1291 884 1354 ad
904 1292 1131 1377 Oroylandiam
1151 1294 1263 1376 depor-

311 1401 410 1473 tatur,
435 1400 468 1457 et
491 1395 527 1458 in
551 1393 696 1477 ejusdem
717 1395 904 1458 monasterii
927 1396 1067 1478 capitulo
1089 1396 1264 1461 honorifice

312 1497 474 1580 sepelitur.
505 1496 730 1560 Wulfketulus
745 1518 820 1561 vero
835 1496 943 1576 abbas,
960 1498 1026 1562 cito
1040 1506 1113 1582 post
1127 1501 1263 1564 mansla-

310 1601 433 1665 tionem
459 1601 586 1664 comitis
612 1599 762 1679 Waltevi,
789 1602 873 1684 regis
899 1601 1052 1665 violentia
1081 1601 1263 1684 deponitur,

312 1706 395 1771 sicut
417 1713 450 1769 et
472 1727 584 1769 omnes
606 1705 672 1768 fere
695 1704 834 1788 episcopi
855 1712 887 1768 et
908 1704 1040 1768 abbates
1061 1706 1263 1788 Angligenae,

310 1808 503 1873 introductis
533 1809 568 1871 in
598 1829 710 1872 eorum
741 1807 831 1871 sedes
856 1807 1067 1872 Normannis.
1115 1808 1265 1872 Succedit

312 1912 463 1995 lngulfns
483 1911 661 1976 monachus
681 1909 942 1989 Fontinellensis,
958 1911 1116 1994 Anglicus
1134 1912 1264 1995 quidem

311 2016 454 2094 natione,
477 2015 534 2079 sed
557 2015 656 2098 longa
679 2015 773 2098 apud
790 2014 999 2079 Ncrmannos
1025 2014 1265 2079 conversatione

313 2119 398 2202 apud
413 2139 522 2200 regem
538 2118 675 2200 gratiam
690 2125 861 2181 mercatus.
900 2118 968 2182 Iste
982 2138 1041 2201 pro
1056 2118 1265 2183 Wulfketulo

311 2223 541 2306 praedecessore
557 2243 615 2284 suo
631 2221 774 2304 deposito
790 2227 823 2284 et
838 2221 978 2285 claustro
991 2221 1167 2285 Glastoniae
1178 2242 1264 2285 com·

311 2325 474 2403 mandato,
491 2324 576 2408 apud
592 2324 792 2388 Willelmum
807 2345 917 2406 regem
932 2323 1146 2404 intercedens,
1166 2325 1265 2389 licen-

311 2430 392 2494 tiam
407 2429 448 2492 ad
464 2428 629 2491 ecclesiam
645 2449 735 2491 suam
751 2427 790 2491 de
806 2427 917 2510 Burgo
932 2428 1113 2492 revertendi
1135 2434 1265 2510 gratan-

312 2538 363 2595 ter
376 2531 578 2614 impetravit3
600 2530 658 2594 ubi
673 2537 745 2613 post
760 2551 878 2613 paucos
893 2529 962 2593 dies
977 2529 1089 2594 morbo
1101 2538 1265 2614 correptus

311 2635 347 2698 in
362 2635 505 2699 Domino
519 2634 687 2716 requievit.
731 2633 838 2697 Terrae
857 2640 965 2698 motus
984 2655 1122 2717 magnus
1141 2634 1266 2698 decimo

312 2737 526 2802 kalendarum
552 2737 645 2800 Maii.
700 2737 868 2820 Philippus
893 2757 950 2800 rex
975 2737 1120 2802 Franciae
1144 2737 1265 2801 viribus

313 2841 448 2905 removit
463 2840 663 2904 obsidionem
673 2839 831 2903 Willelmi
845 2839 930 2923 regis
946 2862 965 2903 a
979 2847 1083 2904 castro
1098 2839 1242 2905 Dolensi.

356 2946 440 3009 A.D.
459 2943 554 3009 1076.
593 2945 663 3007 Rex
683 2944 853 3007 Danorum
870 2944 999 3006 Suanus
1017 2944 1138 3027 optime
1157 2943 1264 3008 litera-

312 3054 366 3111 tus
381 3047 479 3112 obiit:
503 3047 655 3110 successit
676 3046 840 3110 Haroldus
859 3047 944 3109 filius
965 3068 1051 3110 suus.
1098 3046 1188 3110 Obiit
1208 3068 1265 3110 no-

312 3149 385 3214 bilis
413 3148 552 3234 [Abbas]
579 3149 824 3213 Evesbamensis
846 3149 1012 3226 Alwinus;
1039 3149 1092 3212 cui
1114 3150 1265 3213 successit

314 3253 478 3317 Walterus
493 3253 671 3317 monachus
689 3251 897 3330 Cerasiensis‚
914 3251 1077 3335 quondam
1092 3251 1266 3316 Lanfranci

315 3357 507 3440 capellanus,
524 3379 563 3421 ex
578 3357 747 3420 collatione
762 3356 857 3438 regis.

357 3462 441 3524 A.D.
460 3462 554 3526 1077.
589 3460 682 3522 Inter
696 3458 924 3542 imperatorem
940 3456 1121 3520 Henrioum
1136 3464 1169 3521 et
1185 3457 1265 3521 Gre-

316 3564 441 3647 gorium
456 3585 582 3647 papam,
597 3585 655 3645 pro
670 3562 861 3626 investitura
875 3581 932 3645 per
947 3560 1104 3624 annulum
1120 3567 1154 3624 et
1169 3560 1265 3624 bacu-

314 3669 393 3746 lum,
419 3668 523 3750 gravis
549 3666 708 3730 discordia
733 3664 885 3742 exoritur,
910 3671 1047 3748 utroque
1070 3664 1112 3727 ad
1135 3664 1266 3729 alterius

316 3769 549 3854 depositionem
578 3767 755 3832 laborante.
809 3767 907 3831 Unde
933 3789 1016 3851 papa
1040 3766 1266 3850 imperatorem

316 3872 589 3937 excommunicat:
612 3872 786 3954 imperator
809 3892 924 3955 papam
949 3871 989 3935 ab
1013 3871 1094 3935 urbe
1119 3872 1267 3936 Romana

314 3977 417 4061 ngat,
446 3977 501 4060 qui
526 3975 661 4039 Roberti
688 3975 857 4039 Guiscardi
886 3973 1003 4038 auxilio
1028 3974 1206 4053 restitutus,
1233 3981 1267 4038 et

314 4088 387 4164 post
410 4079 545 4144 Roberti
566 4099 727 4142 recessum
749 4077 869 4141 iterum
891 4079 1012 4161 pulsus,
1036 4063 1075 4140 ad
1099 4077 1266 4140 Beneven-

314 4192 387 4248 tum
417 4206 450 4248 ιε
479 4182 657 4247 transtulit.
704 4181 865 4246 Robertus
892 4182 976 4245 lilius
1000 4181 1085 4264 regis
1110 4179 1267 4244 Willelmi

315 4309 465 4371 guerram
487 4293 599 4352 contra
618 4291 743 4369 patrem
764 4307 858 4350 suum
879 4285 978 4348 movit
994 4284 1111 4348 auxilio
1127 4282 1267 4366 Philippi
