3218 5098
596 667 885 712 normannorum.
1176 652 1215 714 19

295 783 397 848 Nulla
411 781 491 847 fides
506 781 673 867 pietasque
688 781 773 860 viris,
789 782 846 865 qui
860 788 966 846 castra
980 789 1178 867 sequuntur:

262 887 385 952 Omnes
401 887 548 952 fortiores
569 893 602 951 et
622 886 898 964 adolescentiores,
915 887 1087 970 assumptis
1107 908 1215 951 secum

261 991 358 1055 sacris
373 991 516 1074 reliquiis
531 991 727 1068 monasterii,
740 991 809 1054 aliis
824 989 921 1054 etiam
935 990 1102 1076 jocalibus,
1118 991 1214 1056 cartis

261 1102 294 1160 et
308 1095 529 1174 munimentis,
547 1095 602 1158 &a
640 1093 775 1158 Barbari
791 1093 927 1158 eandem
942 1093 1111 1178 indignati,
1129 1095 1215 1178 quod

261 1204 404 1282 speratos
419 1198 587 1262 thesauros
609 1218 677 1260 non
698 1197 905 1274 invenissent,
921 1198 1071 1260 universa
1086 1204 1212 1262 sancto-

260 1323 334 1366 rum
356 1322 489 1385 corpora
510 1301 550 1364 de
572 1300 707 1364 tumulis
730 1299 869 1364 effractis
891 1299 1117 1365 miserabiliter
1137 1322 1213 1366 eon-

260 1411 373 1484 tracta,
388 1405 532 1468 immisso
545 1404 633 1486 igne,
650 1403 701 1467 die
716 1405 825 1481 tertio,
840 1424 930 1468 more
945 1425 1013 1482 suo,
1026 1425 1100 1468 cum
1115 1404 1215 1469 eccle·

261 1508 308 1572 sia
323 1516 356 1572 et
372 1507 522 1572 omnibus
541 1505 729 1570 monasterii
744 1506 877 1570 officinis
898 1512 932 1570 et
952 1505 1101 1585 aedificiis,
1118 1507 1214 1590 septi-

260 1633 314 1676 mo
330 1611 553 1675 Kalendarum
565 1608 716 1674 Octobris
731 1608 944 1672 funestissimi
958 1608 1214 1675 combusserunt.

305 1714 430 1780 Quarto
453 1713 504 1777 dic
526 1712 669 1791 tandem,
688 1733 764 1776 cum
787 1712 976 1776 animalium
999 1719 1032 1776 et
1049 1713 1214 1797 jumento-

259 1839 334 1882 rum
369 1817 548 1881 innumeris
587 1815 749 1900 gregibus,
783 1836 894 1879 versus
932 1814 1214 1882 Medesbamstede

259 1919 546 2004 transmigrabant,
561 1919 619 1983 ubi
638 1920 777 2002 patriam
797 1918 964 1982 collectam
983 1919 1069 1984 infra
1085 1929 1213 1984 monas-

257 2023 387 2100 terium,
414 2030 585 2106 portasque
612 2022 774 2088 obseratas
801 2022 1010 2101 offendentes,
1037 2023 1211 2106 sagittariis

258 2146 295 2190 ac
310 2125 468 2189 machinis
483 2125 626 2209 undique
641 2146 750 2188 muros
766 2125 1011 2209 aggrediuntur.
1059 2127 1209 2191 Secundo

258 2231 384 2294 assultu
401 2231 535 2314 paganis
553 2228 819 2313 irrumpentibus,
835 2229 952 2294 Lubba
965 2230 1065 2295 frater
1080 2229 1211 2295 Hubbae

257 2334 382 2399 comitis
394 2335 485 2419 jactu
498 2332 613 2418 lapidis
629 2333 766 2417 graviter
780 2333 875 2398 laesus
890 2334 1010 2399 corruit
1024 2335 1060 2398 in
1074 2334 1144 2419 ipso
1157 2335 1208 2398 in-

257 2437 369 2514 troitu,
381 2443 414 2500 et
425 2435 575 2501 manibus
590 2436 767 2500 satellitum
782 2458 914 2500 suorum
928 2443 1075 2521 portatus
1089 2438 1124 2502 in
1139 2444 1210 2502 teu-

258 2540 378 2604 torium
392 2539 501 2604 fratris
516 2540 575 2618 sui,
588 2539 686 2603 etiam
701 2538 741 2604 de
752 2539 818 2604 vita
828 2540 1015 2624 desperatus
1030 2547 1088 2605 est.
1112 2541 1211 2606 Unde

259 2641 383 2708 Hubba
397 2665 496 2727 supra
509 2643 642 2707 modum
656 2643 705 2708 ira
718 2651 868 2723 aestuans,
885 2652 917 2708 et
931 2645 1070 2709 maxime
1087 2645 1124 2709 in
1141 2666 1209 2710 mo-

256 2748 377 2812 nachos
400 2747 561 2825 efferatus,
584 2767 696 2810 omnes
719 2753 838 2812 sanctae
859 2747 1023 2831 religionis
1046 2749 1209 2839 schemate

256 2851 389 2915 vestitos
403 2871 504 2914 manu
519 2871 578 2914 sua
591 2849 754 2914 interfecit
762 2876 772 2928 3
796 2849 905 2914 eoeteri
919 2850 954 2913 in
969 2857 1100 2915 caeteros
1121 2872 1208 2933 gras-

257 2953 432 3032 sabantur;
463 2974 560 3017 nemo
586 2953 626 3016 de
655 2959 725 3018 toto
754 2954 950 3019 monasterio
976 2955 1115 3018 salvatus
1141 2961 1208 3034 est;

256 3061 326 3121 tam
354 3055 545 3121 venerabilis
577 3064 669 3140 pater
705 3057 803 3122 abbas
834 3059 952 3123 Hedde
980 3080 1078 3124 senex
1106 3058 1209 3136 valde,

257 3184 355 3247 quam
373 3161 524 3226 monachi
542 3161 592 3226 sui
609 3162 750 3226 universi
765 3184 840 3226 cum
855 3162 1004 3227 omnibus
1025 3162 1209 3247 [compatri-

257 3266 320 3331 otis
335 3264 556 3348 occiduntur].
601 3263 749 3327 Monitus
768 3270 817 3328 est
836 3269 915 3327 tunc
930 3263 1029 3326 frater
1043 3264 1207 3344 Turgarus

256 3391 314 3453 per
339 3368 456 3432 Sidrok
480 3367 630 3432 comitem
655 3366 823 3431 dominum
847 3387 952 3444 suum,
976 3387 1018 3430 ne
1041 3366 1077 3429 in
1101 3365 1208 3448 aliquo

256 3471 327 3536 loco
341 3492 486 3554 unquam
502 3468 632 3554 Hubbae
647 3470 757 3534 comiti
772 3469 923 3534 obviaret.
960 3467 1086 3532 Altaria
1100 3467 1210 3532 omnia

256 3574 400 3652 suffossa,
423 3581 635 3638 monumenta
657 3575 806 3638 universa
828 3573 999 3652 confracta,
1023 3579 1208 3636 sanctorum

256 3678 412 3744 libromm
426 3678 542 3761 ingens
557 3677 752 3742 bibliotheca
766 3677 942 3758 combusta,
958 3684 1121 3742 cartarum
1137 3698 1206 3741 mo-

255 3780 452 3846 nasticarum
470 3781 630 3844 immensa
649 3781 741 3865 eopia
760 3781 928 3866 discerpta,
944 3789 1129 3845 sanctarum
1143 3780 1206 3844 vir-

255 3885 370 3968 ginum
400 3883 617 3969 Kyneburgae,
649 3885 845 3968 Kyneswitae
874 3907 910 3951 ae
940 3886 1039 3950 ullbae
1067 3885 1207 3969 pretiosa

253 3988 390 4072 pignora
418 3987 553 4071 pedibus
583 3988 780 4067 conculcata,
803 3988 889 4052 muri
916 3989 1064 4054 funditus
1094 3989 1204 4066 eversi,

252 4091 324 4174 ipsa
345 4091 477 4162 ecclesia
498 4113 573 4156 cum
595 4091 745 4157 omnibus
768 4093 890 4160 caeteris
914 4092 1053 4156 aedificiis
1075 4112 1204 4156 concre-

253 4202 351 4274 mata,
367 4217 423 4280 per
437 4201 542 4260 totam
557 4195 753 4279 quindenam
769 4202 958 4281 sequentem
969 4197 1041 4281 jugi
1055 4194 1205 4262 incendio

253 4299 481 4382 conflagrabat.

705 4405 759 4466 02
