3218 5098
672 643 961 690 cucumuuouusu.
1275 627 1296 686 9

337 758 415 822 tatis
437 759 620 843 impetravit
639 737 761 826 bouso
782 762 904 826 ibidem
925 760 1130 846 praesideam
1154 761 1296 826 obtinui

339 863 436 926 etiam
452 872 490 927 ut
506 865 575 948 ejus
590 871 698 929 essent
713 865 918 948 suffraganei,
931 864 1069 949 episcopi
1084 865 1295 944 Muciorum,

337 965 583 1048 WigorniensiS,
595 969 796 1050 Legerensis,
811 968 1022 1047 Sindotensis,
1036 968 1294 1048 Herefordeusis,

338 1069 552 1150 Elmanensis,
573 1071 807 1150 Carmucensis,
829 1072 947 1155 aliique
970 1072 1109 1156 episcopi
1131 1072 1296 1136 orientalis

344 1171 526 1255 [Angliae]:
565 1174 749 1238 Cantumiae
778 1195 853 1238 vero
886 1181 1114 1239 remanserunt
1148 1181 1296 1258 quatuor,

338 1274 584 1354 londoniensis,
595 1276 765 1355 Rodiensis,
771 1276 1018 1356 wintoniensis,
1028 1283 1061 1341 et
1078 1275 1294 1342 salesberien-

339 1379 389 1442 sis.
436 1380 505 1444 Iste
527 1402 584 1445 rex
604 1381 679 1444 Offa
701 1375 797 1445 etiam
819 1380 1031 1445 inhonorem
1051 1381 1155 1444 sancti
1175 1379 1296 1444 Albani

338 1479 462 1545 celebre
484 1482 723 1550 ¹monasterium
748 1482 904 1563 fundavit,
929 1505 967 1549 ac
990 1483 1109 1548 multas
1136 1483 1294 1548 citemus

340 1585 438 1650 dedit.

380 1689 467 1754 A.D.
485 1691 559 1756 778.
602 1691 741 1755 Karolus
763 1691 930 1776 [Romam]
955 1691 1075 1756 iterum
1097 1691 1165 1756 adit
1188 1700 1221 1757 et
1244 1713 1295 1758 oa-

338 1792 396 1876 pit.

381 1896 466 1960 Ab).
484 1898 557 1962 781.
585 1896 796 1961 Ethelbertus
809 1896 1295 1982 'archiepiscopquboraoenuis

339 1998 437 2063 obiit:
461 2001 614 2065 successit
628 2000 806 2065 Enbaldus.

380 2101 465 2165 A.D.
483 2104 556 2167 782.
592 2104 732 2167 Karolus
748 2105 886 2168 Romam
901 2103 978 2182 adit,
994 2109 1027 2167 et
1040 2103 1162 2168 ibidem
1177 2127 1196 2168 a
1209 2127 1293 2190 popa

336 2205 480 2270 Adriano
502 2207 587 2272 filius
610 2209 679 2292 ejus
703 2209 944 2272 Karlomonnus
969 2208 1151 2293 baptizatus
1176 2215 1234 2290 est,
1260 2217 1293 2277 et

337 2309 493 2393 Pippinus
508 2317 650 2374 vocatus.

379 2413 465 2477 A.D.
486 2415 560 2477 783.
596 2413 795 2496 Hildegarda
809 2412 922 2497 regina
936 2413 1026 2492 obiit,
1041 2435 1176 2498 proquo
1191 2414 1294 2478 Karo-

335 2517 386 2580 lus
403 2515 494 2580 duxit
510 2516 710 2580 Fastradam.

379 2620 465 2684 Α.1).
483 2621 557 2685 784.
601 2619 764 2684 Kenulfus
783 2641 841 2682 rex
854 2619 1106 2683 Westsaxonum
1127 2619 1293 2684 occiditur.

379 2725 464 2789 A.D.
493 2727 568 2791 785.
623 2724 774 2804 Karolus,
798 2729 902 2788 matre
933 2744 991 2787 sua
1016 2722 1175 2786 Bertrada
1199 2723 1295 2805 juxto

336 2837 462 2913 patrem
492 2827 581 2912 apud
607 2834 755 2892 sanctum
781 2824 975 2910 Dionysium
1002 2823 1136 2908 sepulta,
1163 2822 1293 2886 Italiam

337 2931 415 2996 adit.

379 3034 466 3098 A.D.
491 3034 564 3100 786.
609 3033 747 3116 Signum
769 3031 871 3096 crucis
896 3030 933 3095 in
954 3029 1097 3094 vestibus
1122 3028 1294 3092 hominum

337 3137 494 3221 apparuit.

379 3240 465 3303 A.D.
483 3240 557 3306 787.
599 3238 716 3303 Duuici
729 3238 843 3323 piratae
857 3238 1012 3320 Angliam
1028 3257 1103 3300 cum
1116 3235 1220 3298 tribus
1235 3256 1293 3297 na-

336 3341 428 3406 vibus
444 3342 548 3425 primo
563 3348 732 3420 venerunt,
748 3341 926 3404 multarum
941 3339 1148 3403 seminarium
1164 3337 1293 3402 calami-

336 3453 452 3510 tatum.

377 3549 462 3613 A.D.
485 3548 558 3614 788.
598 3548 738 3612 Karolus
761 3545 900 3623 sclavos,
922 3543 977 3628 qui
991 3542 1105 3608 Vulsci
1128 3542 1292 3624 dicuntur,

336 3651 473 3734 subegit.

377 3755 462 3819 Ab.
480 3755 554 3821 789.
596 3753 760 3817 Alwoldus
779 3774 837 3817 rex
856 3750 1223 3816 Northanhumbrorum
1238 3772 1290 3815 oc-

335 3857 470 3922 ciditur:
495 3857 647 3921 successit
663 3856 814 3921 OsreduS.

376 3961 462 4025 Α.1).
479 3963 553 4027 790.
596 3961 617 4022 J
618 3959 781 4052 ambegtus
802 3958 1058 4023 Dorobernensis
1081 3957 1291 4040 archiepisco·

332 4085 393 4148 pus
408 4063 507 4128 obiit:
531 4063 682 4127 successit
697 4062 888 4127 Adelarduu
934 4061 1076 4126 Osredus
1094 4083 1150 4125 rex
1164 4060 1290 4124 North·

332 4167 589 4231 anhumbrorum
601 4166 765 4231 occiditur.
789 4166 983 4230 Ethelredus
995 4187 1051 4229 rex
1062 4165 1147 4228 filius
1156 4163 1226 4227 Mol
1234 4162 1285 4246 [li]

330 4270 370 4335 de
391 4271 486 4335 exilio
505 4268 642 4348 rediens,
660 4268 833 4334 Erdulfum
854 4269 969 4333 ducem
989 4274 1080 4332 extro
1100 4272 1227 4351 portam
1249 4265 1288 4328 de
