3216 5104
634 640 924 685 rrrninoaonusr.
1191 623 1252 684 101

298 754 416 819 tranda
443 755 595 834 tradidit3
628 758 798 841 caeterique
826 758 930 841 reguli
959 757 1028 830 fere¹
1055 779 1166 822 omnes
1189 759 1254 822 suis

297 857 419 922 viribus
439 859 630 938 diffidentes,
651 861 788 944 gratiam
812 861 882 945 ejus
906 883 1004 945 quam
1030 882 1179 944 guerram
1201 882 1254 925 ex-

271 1040 273 1046 ,
298 961 396 1043 periri
416 963 583 1042 malentes,
607 963 732 1028 tributa
754 965 989 1047 promiserunt:
1013 965 1254 1028 confirmatum-

299 1085 360 1146 que
386 1071 435 1128 est
458 1087 597 1148 regnum
620 1066 788 1130 Hiberniae
810 1067 849 1131 ab
874 1067 1059 1132 Alexandro
1084 1089 1167 1151 papa
1186 1067 1255 1150 regi

300 1164 453 1247 Henrico,
484 1175 517 1232 et
545 1169 726 1233 haeredibus
763 1170 838 1234 suis.
899 1171 991 1235 Obiit
1028 1177 1157 1235 sanctus
1188 1171 1253 1235 Go-

301 1269 417 1334 dricus.

342 1372 383 1436 A.
386 1374 427 1437 D.
445 1376 540 1439 1173.
586 1375 668 1438 Οιῖθ
682 1381 731 1438 θεῖ
750 1376 853 1458 gravis
873 1375 1028 1440 dissensio
1042 1377 1130 1440 inter
1143 1397 1254 1458 regem

300 1473 481 1540 Henricum
498 1483 632 1561 patrem,
656 1484 689 1541 θῖ
711 1477 890 1543 Henricurn
908 1500 1018 1562 regem
1040 1480 1160 1544 filium:
1183 1501 1255 1595 par-

298 1584 366 1642 tem
381 1580 438 1643 filii
453 1587 566 1645 contra
579 1589 704 1664 patrem
720 1581 915 1666 adjuvabant
930 1602 1041 1668 omnes
1055 1583 1118 1646 frat
1104 1588 1170 1646 tres
1186 1582 1254 1660 rui3

298 1680 449 1746 fovebant
474 1703 528 1747 eos
547 1683 729 1748 Ludovicus
749 1690 783 1748 et
802 1685 970 1768 Philippus
990 1705 1081 1767 reges
1101 1684 1254 1762 Francius,

299 1784 481 1848 Willelmus
510 1807 566 1849 rex
597 1786 722 1866 Scotiae,
747 1787 914 1870 Philippus
941 1808 1047 1851 comes
1077 1786 1254 1865 Flandriae5

298 1909 436 1970 quorum
464 1889 566 1953 fretus
596 1890 714 1954 auxilio
742 1890 819 1954 fecit
848 1889 1043 1973 irruptiones
1072 1890 1192 1954 multas
1217 1890 1254 1952 in

298 1991 545 2070 Normanniem,
561 2014 739 2076 parumque
752 1999 957 2076 prosperatus
972 1998 1039 2057 cst:
1057 2015 1135 2057 nam
1148 1993 1185 2055 in
1198 1993 1256 2056 illa

300 2093 515 2158 controversia
531 2115 637 2158 comes
652 2094 798 2158 Boloniae
818 2099 867 2158 θεῖ
889 2094 1020 2173 occisus,
1037 2115 1143 2159 comes
1158 2094 1253 2157 Flan-

300 2196 387 2276 driae,
405 2197 505 2260 frater
527 2198 606 2280 ejus,
621 2198 808 2262 vulneratus
827 2204 887 2274 est,
903 2219 1009 2262 comes
1029 2198 1162 2262 Cestriae
1180 2219 1253 2282 cap-

298 2305 362 2376 tus,
394 2299 510 2383 aliique
538 2299 674 2365 barones
704 2301 887 2365 Britonum.
948 2301 1013 2364 Sed
1042 2308 1075 2365 et
1108 2301 1255 2384 reginam

297 2402 493 2482 Elianoram,
524 2402 713 2468 seditionem
742 2410 925 2468 moventem
954 2404 988 2468 in
1018 2405 1169 2484 Pictavia,
1199 2425 1256 2468 rex

298 2506 383 2590 cepit
405 2506 570 2570 blanditiis
596 2508 856 2586 circumventam,
880 2513 913 2571 θῖ
932 2513 1022 2572 turre
1046 2507 1184 2592 quadam
1205 2507 1256 2571 in-

299 2609 405 2674 clusit.
451 2609 663 2673 Flandrenses
688 2630 764 2673 cum
788 2608 894 2672 tribus
917 2608 1007 2673 stolis
1032 2609 1162 2673 navium
1185 2609 1255 2671 An·

299 2712 397 2797 gliam
420 2711 641 2795 depraedantes
663 2711 740 2776 victi
761 2717 794 2776 et
818 2712 892 2776 caesi
914 2719 1001 2776 sunt.
1048 2712 1256 2776 canonizatio

299 2815 403 2879 sancti
416 2815 549 2878 'I'homae
568 2814 801 2898 archiepiscopi
812 2835 869 2898 per
883 2815 1105 2880 Alexandrum
1126 2836 1253 2898 papam.

300 2916 458 2981 Ricardus
477 2917 564 3000 prior
579 2916 618 2980 de
634 2918 763 2981 Douvre
782 2917 903 2982 electus
921 2923 970 2982 est
989 2919 1025 2981 in
1047 2917 1254 3000 archiepisco-

298 3044 377 3105 pum
393 3022 668 3086 Cantuarienscm.
713 3021 937 3086 Mediolanum
952 3020 1114 3085 evertitur.

342 3124 428 3188 A.D.
445 3126 540 3189 1174.
578 3123 791 3187 Flandrenses
806 3127 947 3208 quatuor
958 3121 1154 3204 applicantes
1168 3119 1254 3184 Nor-

300 3225 425 3303 wicum,
441 3225 607 3309 diripiunt.
652 3225 767 3304 David,
782 3224 883 3288 frater
901 3222 985 3305 regis
1007 3222 1132 3300 Scotiae,
1149 3242 1255 3286 comes

302 3328 570 3411 Huntingdoniae‚
603 3328 812 3392 Leiccstriam
844 3327 964 3404 adiens,
995 3325 1157 3389 associatis
1194 3324 1255 3388 sibi

299 3431 477 3515 oppidanis,
492 3431 631 3515 patriam
645 3431 867 3514 depopulatur.
900 3427 1084 3491 Willelmus
1105 3448 1162 3492 rex
1178 3427 1254 3491 Sco-

300 3536 355 3601 tiae
375 3535 471 3599 simili
487 3536 594 3600 furore
613 3535 649 3598 in
662 3533 901 3599 Northumbria
919 3531 1041 3616 praedas
1062 3531 1141 3614 agit.
1186 3531 1256 3595 Rex

301 3645 411 3703 autem
432 3637 594 3702 Henricus
618 3637 751 3701 audiens
774 3636 929 3719 Angliam
954 3635 999 3698 sic
1022 3634 1156 3713 turbari,
1179 3635 1257 3698 illuc

299 3741 453 3818 festinat3
477 3741 651 3823 statimque
667 3737 875 3803 Cantuariam
890 3737 1023 3802 devotus
1038 3743 1071 3801 et
1083 3737 1256 3802 discinctus

299 3845 461 3928 poenitens
475 3843 573 3921 vadit,
588 3842 646 3906 ubi
659 3841 807 3926 precibus
822 3848 856 3908 et
870 3841 1020 3926 lacrymis
1036 3841 1106 3905 Deo
1122 3839 1255 3904 sanctis-

300 3967 363 4030 que
377 3947 447 4030 ejus
461 3945 605 4029 placatis,
621 3950 735 4024 contra
753 3944 862 4007 hostes
878 3943 981 4041 aciem
999 3962 1252 4020 movenamrra

300 4051 408 4116 culoso
436 4050 657 4134 triumphavit
716 4049 839 4113 Eodem
869 4035 956 4112 enim
980 4048 1175 4130 disceptus
1205 4009 1311 4109 est

300 4152 484 4216 Willelrnus
507 4172 563 4216 rex
594 4150 710 4215 Scotiee
739 4151 826 4234 apud
853 4149 1012 4234 Appleby‚
1042 4147 1255 4230 omnibusque

300 4255 487 4322 adversariis
509 4253 700 4334 conterritis,
716 4275 778 4338 pax
797 4253 930 4320 tandem
949 4275 1007 4338 per
1021 4253 1185 4340 episcopos
1204 4272 1253 4316 ιθ-
