3216 5104
596 663 885 710 rnrmauaonusn.
1153 651 1214 712 145

263 799 322 862 pro
338 777 481 845 Henrico
495 801 572 865 rega
585 789 676 866 patre
698 804 766 864 suo,
782 789 815 848 61
831 782 993 848 Henricus
1008 783 1048 848 de
1062 783 1215 849 Aleman-

263 883 319 946 nia
337 904 396 965 pro
414 905 490 966 rege
511 885 648 949 Ricardo
669 891 760 968 patre
782 906 850 949 suo.
896 884 987 950 Obiit
1008 907 1091 969 papa
1109 886 1214 951 Urba·

263 1005 325 1046 nus
335 1010 345 1062 3
369 985 422 1049 cui
447 987 598 1050 successit
622 987 771 1052 Clemens
796 989 857 1053 IV.
903 988 994 1053 Obiit
1014 990 1214 1066 Godefredus

263 1087 516 1172 archiepiscopus
545 1089 755 1154 Eboracensis
766 1115 776 1168 3
808 1090 861 1155 cui
885 1093 1036 1156 successit
1061 1094 1215 1177 magister

262 1189 426 1255 Walterus
443 1191 577 1270 Giffard,
594 1193 759 1276 episcopus
773 1193 1010 1258 Bathoniensis.

305 1291 393 1358 Α.Ι).
411 1295 506 1359 1265.
537 1294 651 1360 Comes
667 1295 847 1360 Gloverniae
862 1297 991 1361 recessit
1007 1318 1026 1360 a
1041 1296 1158 1362 comite
1172 1298 1213 1363 de

261 1395 445 1477 Leicestria,
456 1398 503 1486 pd
525 1420 621 1482 quem
643 1398 792 1463 dominus
812 1399 988 1464 Edwardus
1008 1399 1048 1464 de
1068 1401 1214 1467 custodia

260 1499 368 1583 lapsus
384 1523 417 1566 se
431 1502 610 1581 transtulit,
626 1508 658 1566 61
670 1502 793 1586 junctis
808 1501 938 1582 viribus,
954 1502 1040 1587 apud
1053 1503 1212 1568 Evesham

261 1603 412 1667 comitem
426 1603 466 1668 de
481 1603 657 1669 Leicestria
671 1625 746 1668 cum
760 1604 826 1668 suis
841 1604 949 1669 subito
968 1605 1211 1688 aggrediuntur,

260 1710 294 1768 et
311 1706 473 1785 occidunt,
489 1728 565 1771 cum
586 1706 697 1770 multis
720 1706 790 1771 aliis
799 1732 809 1785 3
831 1706 958 1791 fuitque
980 1729 1134 1772 numerus
1157 1731 1210 1774 ex·

259 1807 495 1873 haeredatorum
509 1808 727 1893 septendecim
741 1809 851 1888 millia,
867 1816 900 1874 et
915 1810 1062 1893 amplius.
1092 1810 1211 1876 Tenuit

259 1930 335 1992 ergo
357 1933 413 1975 rex
434 1912 684 1995 parliamentum
706 1912 793 1995 apud
814 1911 1131 1996 Northamptoniam,
1153 1914 1212 1979 ubi
1234 1936 1238 1944 ’

258 2035 340 2078 uxor
354 2013 478 2078 domini
494 2015 643 2093 Simonis,
659 2036 748 2079 soror
761 2013 857 2097 regis,
873 2035 948 2078 cum
963 2013 1112 2079 omnibus
1127 2016 1210 2095 filiis,

258 2117 353 2181 exilio
374 2117 641 2182 condemnantur.
687 2116 929 2181 Londonienses
951 2137 985 2180 se
1006 2117 1101 2183 vicies
1123 2119 1211 2184 mille

257 2219 372 2284 marcis
386 2220 597 2299 redimebant,
613 2218 788 2304 majoribus
809 2225 841 2283 et
863 2219 1032 2284 ditioribus
1048 2221 1209 2305 depraeda-

257 2323 300 2386 tis
315 2329 349 2387 et
364 2322 582 2388 exhaeredatis.
628 2322 840 2388 Octhobonus
859 2322 956 2386 etiam
974 2322 1100 2407 legatus
1122 2325 1211 2389 venit

256 2424 292 2489 in
306 2427 470 2510 Angliam,
487 2427 543 2510 qui
563 2425 600 2489 in
621 2426 756 2490 concilio
779 2425 864 2508 apud
886 2426 1018 2490 Novum
1040 2427 1210 2511 Templum

256 2529 435 2594 Londoniae
449 2529 618 2607 celebrato,
632 2529 798 2593 Simonem
813 2528 852 2591 de
868 2529 1070 2608 Monteforti,
1082 2551 1209 2595 omnes·

256 2654 318 2716 que
332 2634 473 2698 fautores
488 2633 557 2717 ejus
572 2639 605 2696 et
621 2632 790 2715 complices
805 2632 1092 2697 excommunicavit
1100 2657 1110 2711 3
1130 2631 1217 2707 divi-¹

255 2737 306 2800 nis
318 2758 428 2820 quum,
438 2742 476 2800 ut
492 2734 676 2799 asserebant
691 2734 795 2813 multi,
808 2734 970 2798 miraculis
986 2733 1206 2799 coruscabant.

297 2838 383 2904 An.
408 2839 503 2903 1266.
541 2838 705 2922 Ceperunt
729 2836 922 2902 exhaeredati
944 2837 1106 2902 civitatem
1129 2837 1207 2900 Lin-

255 2939 402 3019 colmam,
419 2945 452 3003 et
473 2939 706 3004 interfecerunt
729 2961 840 3004 omnes
860 2941 882 3004 J
883 2939 1000 3019 udaeos,
1016 2962 1095 3024 quos
1117 2945 1208 3004 extra

254 3044 422 3107 castellum
441 3043 645 3122 invenerunt,
661 3049 694 3106 61
714 3042 801 3107 bona
821 3063 932 3107 eorum
953 3041 1149 3125 diripientes,
1168 3041 1206 3106 li-

253 3144 328 3209 bros
343 3166 464 3223 eorum,
480 3151 513 3208 et
528 3145 665 3223 chartas,
682 3151 715 3209 et
730 3145 839 3210 omnia
852 3150 1065 3209 monumenta
1083 3165 1206 3224 eorum,

254 3246 370 3330 quibus
385 3245 576 3310 Christianis
593 3253 743 3330 poterant
757 3268 882 3325 nocere,
898 3247 933 3310 in
948 3246 1053 3311 medio
1069 3247 1206 3311 civitatis

252 3349 384 3433 ignibus
410 3349 666 3414 combusserunt.
720 3348 895 3414 Obsessum
922 3356 971 3412 est
997 3354 1140 3412 castrum
1165 3347 1206 3413 de

253 3453 456 3518 Kenilworth
476 3474 495 3516 a
514 3453 654 3517 crastino
675 3452 779 3516 sancti
799 3453 820 3516 J
822 3451 958 3516 ohannis
978 3451 1134 3534 Baptistae
1151 3473 1204 3515 us-

253 3578 315 3640 que
336 3556 439 3620 sancti
460 3555 592 3618 Thomae
612 3554 757 3638 apostoli,
772 3554 807 3616 in
823 3573 885 3636 quo
899 3551 1001 3636 major
1019 3550 1082 3615 fuit
1102 3551 1205 3615 domi-

251 3681 314 3724 nus
326 3657 489 3723 Henricus
506 3657 667 3740 Hasting3
688 3662 769 3720 tunc
783 3654 947 3719 redditum
961 3660 1010 3718 est
1025 3653 1203 3733 castellum,

251 3763 338 3826 salva
361 3762 460 3846 [vi]ta
479 3761 620 3843 ipsorum
640 3765 673 3823 et
695 3757 845 3822 omnibus
869 3778 940 3840 quae
962 3756 998 3819 in
1020 3764 1124 3820 castro
1146 3756 1203 3821 ha-

251 3864 382 3929 bebant.
429 3864 569 3930 Quidam
590 3861 863 3926 exhaeredatorum
882 3859 1021 3923 insulam
1039 3860 1202 3924 Eliensem

251 3966 444 4045 obtinentes,
468 3971 573 4030 totam
597 3965 736 4048 patriam
764 3963 800 4027 in
830 3963 936 4046 girum
965 3962 1201 4045 depraedantur,

250 4071 358 4134 villam
371 4069 514 4133 Norwici
528 4068 744 4150 irrumpentes
759 4065 883 4130 decimo
899 4065 1034 4148 septimo
1048 4063 1201 4127 kalenda-

250 4193 324 4236 rum
340 4173 362 4235 J
363 4169 497 4250 anuarii,
513 4170 553 4232 de
567 4169 679 4232 multis
695 4168 812 4232 divitiis
828 4167 922 4231 ditati
937 4178 1022 4230 sunt.

294 4273 380 4337 Α.Ι).
397 4273 492 4338 1267.
531 4271 613 4336 Orta
627 4277 676 4334 est
691 4269 849 4334 discordia
862 4269 949 4336 inter
962 4288 1072 4350 regem
1094 4271 1127 4332 ct
1149 4287 1200 4332 co-
