3218 5098
325 579 380 674 x78
635 597 833 641 cunonrcon
851 596 986 639 nnuma

333 711 489 795 Angliam
503 710 636 794 pallium
652 710 790 775 Radulso
812 709 1047 793 archiepiscopo
1068 731 1086 772 a
1108 711 1214 774 Roma
1235 709 1288 772 de-

334 815 407 893 fert,
430 833 532 896 aquo
552 812 663 878 statim
683 820 897 877 consecratur.
943 812 1103 876 Dominus
1123 811 1288 875 Johannes

335 916 375 980 de
397 916 467 980 Sais
488 915 609 979 electus
631 922 680 979 est
702 915 738 979 in
760 915 911 980 abbatem
931 915 1043 998 Burgi.
1091 914 1289 996 Regnehnus

335 1016 581 1083 Herefordensis
607 1017 773 1102 episeopus
800 1016 899 1081 obiit:
933 1015 1085 1080 successit
1112 1016 1287 1080 Galfridus.

335 1126 451 1189 Hiems
466 1132 535 1189 erat
550 1125 734 1209 asperrima.
779 1126 900 1190 Civitas
915 1125 1087 1205 Cicestriae,
1105 1148 1180 1190 cum
1199 1126 1286 1210 prin-

332 1228 426 1312 cipali
445 1227 650 1308 monasterio,
666 1251 741 1293 curn
760 1228 898 1292 flammis
917 1229 983 1292 fere
1003 1234 1075 1293 tota
1096 1235 1287 1312 consumpta

332 1338 398 1395 est:
422 1331 502 1395 item
516 1331 749 1396 monasterinm
766 1331 1024 1414 Samguiacense.

373 1435 458 1500 al).
477 1435 572 1499 1116.
604 1435 736 1499 Ouinus
751 1455 807 1498 rex
822 1435 979 1499 occiditur
992 1435 1176 1499 Wallensis.
1223 1435 1283 1499 Co·

330 1537 426 1602 mites
446 1544 479 1602 et
501 1538 645 1603 Berones
664 1538 765 1602 totius
784 1538 914 1622 Angliae
930 1538 1095 1602 Willelmo
1114 1538 1181 1602 filio
1199 1539 1284 1622 regis

329 1640 511 1706 hominium
525 1641 681 1720 fecerunt,
702 1648 736 1706 et
757 1641 946 1706 fidelitatem
958 1641 1158 1725 juraverunt.
1203 1641 1283 1704 'Pur-

329 1744 434 1808 stinus
456 1744 577 1809 electus
599 1744 820 1830 Eboracensis,
837 1750 912 1828 post
931 1744 1062 1828 longam
1083 1751 1198 1808 contra
1216 1743 1281 1828 epi-

328 1867 462 1930 scopum
474 1846 743 1911 Cantuariensem
758 1844 1019 1924 decertationem,
1032 1845 1280 1930 archiepiscopa-

328 1949 379 2014 tui
390 1950 485 2033 juxta
499 1949 656 2034 quosdam
676 1948 877 2013 renunciavit
886 1973 895 2027 3
917 1969 993 2032 rege
1011 1969 1086 2012 cum
1106 1948 1281 2013 baronibus

329 2051 531 2130 decernente,
553 2058 602 2130 ut,
624 2051 675 2114 vel
696 2051 915 2116 obedientiam
937 2051 1116 2116 faceretne
1139 2050 1282 2116 debitam

326 2153 556 2238 professionem
582 2152 812 2218 Cantuariensi
836 2154 1084 2238 archiepiscopo,
1108 2153 1159 2218 vel
1182 2153 1281 2237 resig-
1334 2211 1339 2219 .

326 2264 429 2322 naret.
476 2257 662 2322 Secundum
678 2259 766 2339 alios,
787 2259 900 2324 nolens
920 2259 1151 2343 professionem
1166 2259 1280 2338 facere,

325 2382 414 2426 mare
429 2382 504 2426 cum
518 2383 594 2445 rege
608 2362 747 2442 transiit,
763 2369 796 2427 et
812 2363 962 2447 deinceps
977 2384 997 2426 a
1011 2362 1108 2426 sacris
1126 2383 1159 2426 se
1178 2362 1281 2426 conti·

325 2464 408 2528 nuit.
452 2464 627 2528 Anselmur
653 2466 779 2549 legatus
806 2466 925 2530 iterum
950 2465 990 2530 de
1015 2467 1119 2530 Roma
1141 2465 1278 2541 rediens,

324 2567 408 2631 vices
438 2568 626 2652 apostolicas
656 2569 691 2632 in
720 2569 841 2652 Anglia
871 2569 989 2654 scripto
1014 2568 1138 2633 bullato
1165 2567 1278 2632 defert.

323 2669 562 2734 Monasterium
587 2671 699 2756 Burgi,
723 2693 798 2736 cum
824 2693 944 2756 magna
967 2679 1060 2756 parte
1083 2671 1165 2735 villae
1191 2671 1278 2755 adja-

322 2773 435 2852 centis,
456 2772 661 2840 combustum
683 2781 742 2854 est,
764 2775 905 2840 secundo
927 2795 1030 2840 nonas
1051 2774 1205 2857 Augusti,
1226 2773 1278 2838 die

323 2877 471 2940 Veneris.
668 2889 669 2894 ’

364 2979 450 3043 Α.]).
477 2982 571 3046 1117.
618 2979 724 3044 Terrae
746 2987 855 3045 motus
884 3001 941 3064 per
964 2979 1179 3064 quadraginta
1208 2979 1276 3043 dies

321 3079 442 3144 durans
456 3081 543 3166 apud
557 3081 697 3160 Italiam,
712 3087 751 3145 ut
770 3081 865 3161 muri,
882 3080 1006 3162 domus,
1022 3089 1191 3166 turresque
1207 3103 1275 3147 cor·

320 3189 472 3253 ruerent:
503 3183 579 3251 villa
607 3183 705 3248 etiam
732 3184 878 3268 quaedam
907 3185 1105 3269 praegrandis
1135 3184 1175 3248 de
1204 3185 1274 3249 loco

320 3286 362 3350 ad
380 3287 488 3352 locum
507 3288 604 3372 longe
621 3295 783 3354 remotum
800 3289 995 3373 transposita
1008 3289 1155 3354 resiliret.
1201 3289 1273 3354 Me-

320 3389 440 3455 diolani
455 3391 563 3472 etiam,
580 3415 679 3476 quum
694 3392 838 3477 patriciae
853 3391 1020 3476 dignitatis
1035 3391 1144 3476 plures
1164 3391 1204 3455 de
1222 3413 1272 3455 re·

318 3493 447 3576 publica
476 3495 536 3559 sub
566 3501 656 3560 turre
687 3494 826 3578 quadarn
854 3500 1043 3573 tractarent,
1068 3500 1199 3559 vocatus
1223 3499 1272 3558 est

317 3617 403 3660 nnus
429 3618 541 3662 eorum
564 3597 695 3662 nomine
720 3607 787 3676 suo,
810 3603 850 3662 ut
870 3599 977 3663 ¹eniret
987 3623 998 3676 ς
1023 3619 1087 3680 quo
1109 3597 1272 3675 tardante,

317 3700 406 3764 venit
428 3699 558 3782 quidam
577 3699 724 3785 precibus
745 3699 896 3765 obtinens
915 3707 955 3765 ut
973 3700 1073 3765 exiret
1083 3727 1091 3778 ;
1114 3700 1168 3765 vix
1187 3701 1270 3764 exie-

316 3809 377 3881 rat,
394 3809 427 3867 et
443 3823 515 3866 ecce
530 3802 628 3867 turris
643 3803 760 3866 cadens
774 3803 913 3886 reliquos
934 3805 1090 3887 oppressit
1109 3801 1145 3867 in
1164 3802 1268 3866 ruina.

317 3907 413 3970 Luna
426 3905 493 3970 visa
508 3913 557 3971 est
573 3907 663 3990 quasi
677 3906 713 3970 in
729 3907 896 3990 sanguine,
935 3908 1097 3972 Robertus
1114 3905 1268 3973 Stefford-

316 4009 402 4074 ensis
416 4009 506 4074 obiit.
551 4011 815 4076 Fundamentum
830 4033 921 4076 novae
935 4011 1075 4076 ecclesiae
1090 4011 1194 4093 Burgi
1213 4030 1269 4093 po-

314 4111 406 4177 nitur
421 4119 535 4197 quarto
549 4113 622 4178 idus
637 4113 761 4178 Martii.
800 4113 1019 4179 Cisterciensis
1034 4112 1155 4178 ordinis
1171 4111 1267 4177 abba-

314 4215 362 4282 tia
375 4216 540 4297 firndatur,
556 4217 723 4284 Pruliacus
739 4217 879 4283 nomine.
971 4271 974 4276 ,
