3216 5104
679 626 969 672 rurnmuaourvsu.
1236 612 1297 674 141

339 746 428 828 prior
454 744 568 809 Simon
593 764 632 807 ex
659 763 776 826 genere
797 743 929 807 militari
955 743 1033 808 satis
1056 745 1171 826 clarus,
1196 747 1295 812 eccle-

341 848 484 930 siamque
500 869 590 911 suam
607 869 626 910 a
640 846 792 910 servitute
808 846 992 930 gravissima
1006 847 1162 928 liberavit,
1175 856 1208 913 et
1219 851 1295 934 jura

341 950 578 1035 quamplurima
596 950 711 1013 amissa
728 949 936 1032 recuperavit.
984 950 1203 1035 superborum
1221 974 1291 1017 rus-

339 1055 476 1118 ticorum
501 1074 632 1117 suorum
657 1052 806 1116 adversus
830 1073 905 1115 eum
928 1053 1010 1116 colia
1029 1053 1223 1136 erigentium
1244 1055 1292 1119 ita

340 1156 468 1240 propria
492 1156 612 1219 virtute
641 1155 783 1233 calcavit,
809 1161 846 1219 ut
876 1177 916 1218 ex
943 1155 1005 1219 hoc
1027 1155 1120 1220 liberi
1144 1156 1290 1221 homines

340 1265 548 1324 terrerentur.
593 1259 637 1322 In
659 1257 808 1322 omnibus
829 1257 879 1321 his
901 1258 1024 1322 curiam
1043 1259 1201 1342 prioratus
1224 1282 1290 1325 am-

340 1361 461 1446 pliavit,
475 1361 585 1426 domos
602 1360 779 1440 aedificavit,
796 1360 961 1424 eeclesiam
972 1368 1113 1426 veterem
1128 1362 1164 1426 in
1179 1385 1295 1428 novam

342 1465 532 1545 construxit,
548 1471 581 1528 et
599 1464 776 1528 clarrstrum
799 1485 929 1542 novum,
951 1463 1186 1545 dormitorium,
1208 1466 1298 1529 infir-

342 1569 487 1647 mariam,
503 1588 662 1632 eameram
677 1587 779 1645 suam,
796 1566 909 1630 domos
924 1567 1088 1650 hospitum
1096 1593 1106 1645 3
1130 1574 1163 1632 et
1178 1590 1298 1652 magua

342 1693 417 1734 vasa
439 1692 528 1734 aenea
548 1671 584 1734 in
603 1670 736 1734 bracina
755 1669 795 1733 de
815 1690 897 1732 novo
917 1670 1014 1735 emit:
1037 1669 1125 1734 etin
1148 1671 1297 1736 omnibus

341 1774 392 1838 his
417 1795 541 1858 semper
564 1774 728 1838 fructuose
752 1772 936 1851 abundavit,
960 1779 992 1836 et
1013 1760 1117 1857 gratia
1136 1775 1200 1840 Dei
1221 1797 1297 1840 eum

341 1877 397 1942 illo
419 1885 498 1943 erat.
542 1879 623 1940 Erat
645 1883 755 1941 autem
776 1876 864 1940 iuter
885 1897 995 1940 omnes
1019 1878 1165 1960 praelatos
1189 1879 1297 1942 muni-

341 1981 431 2044 ficus.
477 1980 552 2064 Ipse
575 1986 684 2044 autem
711 1978 752 2043 ad
778 2000 872 2042 suum
899 1979 1078 2044 convivium
1101 1981 1137 2044 iu
1167 1982 1297 2046 civitate

342 2082 563 2146 Londoniensi
581 2103 692 2165 regem
715 2081 872 2160 invitavit,
893 2102 967 2146 eum
991 2083 1161 2148 comitibus
1184 2091 1217 2148 et
1239 2085 1295 2149 ba-

342 2185 475 2249 ronibus
484 2211 493 2263 3
518 2191 560 2264 et,
576 2191 614 2249 ut
631 2185 693 2249 hoc
713 2185 884 2263 obtineret,
899 2206 1034 2250 munera
1054 2186 1144 2270 larga
1164 2187 1295 2252 diversis

342 2289 548 2372 magnatibus
575 2288 682 2353 dedit:
707 2294 901 2376 quapropter
926 2289 1091 2372 episcopus
1118 2290 1294 2356 Liucolniae

342 2392 480 2454 multum
497 2391 558 2455 sibi
573 2398 642 2455 erat
656 2391 802 2470 infestus,
819 2397 852 2454 et
867 2413 941 2455 eum
957 2391 1140 2475 deposuisse
1154 2393 1255 2457 voluit
1275 2415 1296 2457 a

343 2495 417 2559 sede
433 2516 501 2558 sua.
527 2496 638 2559 Multa
653 2494 782 2578 quidem
798 2495 861 2558 alia
875 2494 960 2558 bona
974 2500 1118 2579 tempore
1134 2518 1192 2560 suo
1206 2496 1293 2577 fecit,

343 2619 413 2682 quae
427 2597 567 2662 hicnon
588 2604 664 2661 sunt
683 2597 818 2681 scripta:
841 2597 987 2681 rexitque
1003 2598 1169 2662 ecclesiam
1192 2621 1293 2678 suam,

341 2702 450 2766 vivens
473 2700 508 2763 in
528 2700 689 2764 mandatis
708 2700 851 2779 Domini,
867 2701 961 2764 anuis
979 2700 1094 2784 viginti
1113 2701 1217 2766 tribus
1226 2729 1236 2780 3
1261 2709 1293 2768 et

342 2803 421 2868 obiit
444 2804 480 2867 iu
502 2809 667 2868 senectute
692 2803 788 2882 bona,
814 2803 916 2887 pridie
938 2802 1011 2868 idus
1033 2803 1164 2868 Martii:
1188 2807 1293 2889 sepul-

341 2913 459 2990 tusque
473 2915 522 2971 est
541 2907 577 2971 in
598 2907 739 2986 ecclesia,
756 2929 853 2990 quam
872 2907 939 2990 ipse
959 2908 1148 2986 construxit,
1163 2907 1199 2971 in
1217 2908 1292 2973 dex·

339 3016 410 3075 tera
422 3017 515 3095 parte
528 3011 629 3094 ipsius
645 3012 726 3075 aulae
734 3036 744 3089 3
760 3011 813 3074 oui
828 3009 978 3074 successit
990 3011 1012 3074 J
1013 3009 1165 3089 ohannes,
1179 3011 1294 3077 domus

342 3114 486 3197 ejusdem
501 3120 579 3179 tunc
594 3113 873 3198 eleemosynarius,
886 3119 919 3176 et
933 3112 968 3175 in
984 3112 1095 3176 eadem
1106 3113 1181 3176 villa
1194 3122 1291 3180 uatus

343 3223 376 3280 et
390 3217 544 3282 nutritus.

384 3320 469 3384 An.
487 3322 581 3385 1253.
621 3318 783 3384 Henricus
795 3317 854 3383 'rex
867 3318 996 3400 Angliae
1009 3317 1238 3399 transfretavit,
1253 3327 1291 3385 ut

341 3430 469 3508 pacaret
483 3430 584 3488 terras
600 3445 673 3488 suas
692 3421 931 3500 transmarinas,
947 3441 1044 3504 quem
1067 3428 1220 3505 sequutus
1242 3430 1291 3488 est

341 3527 476 3606 Alanus,
502 3526 674 3590 hostiarius
705 3525 830 3604 scotiae,
857 3530 890 3588 et
919 3524 1027 3588 hostes
1050 3523 1134 3606 regis
1161 3524 1292 3608 Angliae

253 3619 259 3630 ⁸
341 3630 514 3695 fortissime
534 3629 715 3694 debellavit.
761 3628 851 3692 Obiit
870 3632 1000 3691 sanctus
1015 3626 1176 3691 Robertus
1193 3629 1290 3694 Gros-

342 3740 451 3813 setete,
468 3734 632 3817 episcopus
648 3731 892 3809 lincolniensis,
908 3737 1019 3794 octavo
1034 3730 1106 3794 idus
1120 3732 1290 3812 Octobris3

341 3844 374 3902 et
388 3838 486 3901 tertia
508 3835 559 3900 die
581 3836 727 3919 sequenti
747 3833 883 3917 contigit
897 3833 1067 3898 inundatio
1087 3834 1184 3899 maris
1203 3858 1290 3901 max-

339 3940 414 4010 ima,
445 3939 565 4004 faciens
594 3940 699 4002 multa
727 3937 856 4001 damna.
902 3936 975 4000 Hoc
1008 3957 1096 4000 anno
1126 3937 1291 4002 Johaunes

341 4045 461 4108 electus
490 4050 539 4108 est
568 4043 604 4107 in
632 4043 772 4127 priorem
803 4041 1007 4125 Spaldingiae‚
1034 4047 1066 4104 et
1096 4063 1115 4104 a
1148 4040 1292 4106 Roberto

341 4149 537 4226 Grossetete,
551 4156 633 4212 tunc
645 4147 793 4231 episcopo
808 4144 1036 4222 Lincolniensi,
1052 4144 1271 4209 confirmatus.

345 4308 349 4314 .
382 4252 469 4319 A.D.
502 4254 597 4316 1254.
656 4250 816 4314 Dominus
847 4247 1008 4314 Henricus
1038 4247 1078 4312 de
1107 4246 1291 4332 Lexington
