3216 5104
369 659 431 722 102
682 673 879 720 caaouroon
896 674 1031 717 arsura

369 794 508 857 formata
537 798 597 856 est.
643 790 853 855 Canoniaatio
882 788 987 853 sancti
1016 788 1174 852 Bernardi
1204 787 1330 853 abbatis

371 895 623 959 clarevallensis.
669 893 826 958 Ricardus
856 893 969 956 Romae
994 892 1030 956 in
1057 891 1330 976 arehiepiscopum

370 998 647 1069 cantuariensem
665 1002 881 1074 consecratur,
907 995 1061 1078 deditque
1087 994 1217 1059 domino
1239 1016 1331 1078 papae

369 1103 474 1166 decies
495 1101 584 1166 mille
605 1121 739 1164 mareas.
785 1098 963 1163 Combusta
984 1104 1034 1162 est
1056 1098 1190 1162 eeclesia
1208 1097 1330 1161 Christi

370 1204 564 1282 cantuariae,
594 1202 687 1287 eujus
723 1201 954 1266 restaurationi
990 1200 1080 1265 dedit
1117 1200 1333 1284 quadraginta

263 1295 267 1302 ’
370 1329 505 1371 marcas.
551 1306 642 1371 Obiit
658 1311 789 1370 sanetus
804 1305 922 1368 Petrus
942 1303 1196 1388 archiepiscopus
1210 1304 1331 1367 'Paren-

372 1410 531 1475 tasiensis.

415 1513 500 1577 A.D.
519 1514 613 1577 1175.
659 1510 841 1575 Concilium
857 1508 944 1593 apud
955 1508 1169 1573 Londoniam.
1206 1508 1331 1572 Willel·

372 1637 445 1679 mus
468 1637 525 1679 rex
549 1613 676 1693 Scotiae,
701 1620 734 1678 et
755 1613 861 1677 David
881 1613 983 1676 frater
1001 1612 1081 1696 ejus,
1103 1633 1210 1676 comes
1235 1613 1331 1676 Hun-

373 1722 570 1805 tingdoniae3
603 1720 750 1804 episcopi,
781 1719 925 1798 comites,
953 1725 986 1782 et
1015 1717 1161 1798 barones,
1188 1717 1228 1783 de
1249 1739 1333 1782 novo

374 1826 564 1890 fidelitatem
580 1822 724 1888 Henrico
738 1823 808 1906 regi
821 1820 950 1905 Anglise
964 1821 1047 1904 patri
1067 1821 1258 1905 juraverunt
1266 1846 1276 1899 3
1300 1830 1333 1886 et

375 1926 420 1990 sic
443 1927 485 1991 ad
503 1949 562 1990 sua
582 1925 686 1990 redire
705 1925 853 2010 permissi
872 1931 959 1988 sunt.
1004 1924 1165 1988 Conaeces
1180 1944 1255 1988 vero
1275 1946 1334 1989 rex

373 2029 616 2112 potentissimus
639 2028 673 2092 in
699 2026 858 2091 Hibernia
876 2025 1066 2091 fidelitatem
1089 2026 1164 2089 fecit
1190 2026 1333 2090 Henrieo

368 2130 453 2212 regi,
484 2130 705 2213 concessitque
733 2129 804 2212 regi
832 2129 968 2211 singulis
997 2128 1101 2206 annis,
1129 2127 1170 2191 de
1199 2128 1333 2210 singulis

376 2232 487 2296 decem
502 2232 704 2313 animalibus,
720 2253 824 2296 unum
840 2232 963 2296 corium
977 2231 1134 2315 placabile
1148 2232 1332 2295 mercatori-

374 2333 446 2412 bus,
462 2342 530 2399 tam
550 2334 590 2399 de
609 2341 696 2399 terra
715 2355 774 2398 sua
793 2356 890 2419 quam
913 2334 953 2398 de
974 2334 1044 2412 alia,
1064 2333 1189 2398 ballivis
1210 2333 1332 2398 domini

375 2438 460 2520 regis
483 2438 738 2521 persolvendum.
789 2437 946 2502 Ricardus
970 2437 1223 2521 archiepiscopus
1248 2437 1332 2501 Oan-

376 2541 547 2605 tuaricnsis
572 2541 719 2625 deposuit
741 2541 942 2605 Willelmurn
962 2540 1002 2604 de
1017 2541 1213 2620 Watervills,
1235 2540 1331 2605 abba-

377 2649 445 2708 tem
469 2644 581 2727 Burgi.
627 2645 698 2708 Rex
723 2643 839 2708 Sieiliae
857 2644 980 2728 aceepit
999 2644 1036 2706 in
1059 2665 1191 2708 uxorem
1211 2645 1332 2708 Johan-

378 2769 455 2810 nam
468 2747 568 2811 filiam
583 2747 668 2831 regis
685 2747 830 2811 Henrici.
875 2747 1056 2812 Amalricus
1076 2768 1133 2811 rex
1152 2748 1333 2812 Jerusalem

378 2850 458 2915 obiit
469 2876 480 2928 3
502 2851 555 2915 cni
577 2851 728 2916 successit
751 2850 936 2915 Baldwinus
955 2850 1040 2914 filius
1064 2849 1144 2934 ejus,
1165 2851 1222 2915 sed
1242 2873 1333 2935 para·

379 2952 506 3036 lyticus.

421 3053 507 3118 Α.Ι).
525 3054 620 3118 1176.
659 3051 822 3117 Hernicus
841 3072 898 3117 rex
914 3053 1052 3137 Angliae,
1073 3059 1204 3139 propter
1222 3076 1336 3120 necem

382 3157 486 3221 sancti
501 3157 634 3221 Thomas
648 3157 810 3241 martyris,
826 3156 958 3220 miserat
976 3157 1124 3222 solennes
1143 3158 1280 3223 nuncios
1295 3158 1337 3222 ad

382 3282 500 3344 papam
514 3260 746 3340 Alexandrum,
759 3260 815 3343 qui
826 3260 975 3344 jurantes
989 3281 1048 3343 pro
1062 3261 1130 3344 ipso
1145 3261 1181 3324 in
1195 3261 1338 3326 animam

384 3385 484 3443 suam,
509 3370 547 3428 ut
570 3364 677 3447 ipsum
701 3369 891 3429 excusarent
915 3364 955 3427 de
977 3363 1131 3446 praedicto
1153 3366 1257 3444 facto,
1281 3365 1337 3429 sed

384 3466 533 3531 dominus
553 3488 645 3550 papa,
667 3466 785 3530 auditis
805 3465 943 3544 nunciis,
959 3465 1049 3530 misit
1064 3466 1144 3531 duos
1159 3467 1337 3532 cardinales

384 3569 426 3632 ad
447 3589 567 3652 regem,
586 3569 805 3633 innocentiam
828 3570 896 3653 ejus
917 3569 1120 3652 investigare,
1141 3571 1261 3635 scilieet
1279 3571 1337 3634 Al·

384 3671 514 3735 bertum
538 3677 572 3734 et
594 3671 835 3751 Theodwinam,
858 3692 966 3736 coram
988 3673 1106 3756 quibus
1128 3694 1185 3738 rex
1204 3675 1335 3758 juravit,

387 3773 472 3857 quod
490 3794 658 3856 nunquam
678 3774 718 3838 de
737 3773 869 3839 oonsilio
885 3797 943 3839 suo
957 3777 1007 3840 vel
1018 3777 1111 3860 jussu
1125 3777 1223 3840 fuerit
1237 3777 1337 3840 inter-

372 3876 508 3953 ·fectus;
531 3875 588 3938 sed
611 3876 699 3961 quod
721 3877 885 3942 occasione
910 3878 1115 3956 turbationis,
1139 3900 1236 3962 quam
1261 3901 1339 3962 erga

385 3978 492 4062 ipsum
508 3978 676 4056 habuerat,
692 3979 815 4043 occisus
830 3987 910 4044 erat.
956 3981 1086 4046 Obtulit
1101 3981 1257 4046 ducentos
1276 3982 1336 4045 mi-

383 4081 458 4146 lites
481 4083 568 4146 ultra
589 4103 678 4150 mare
701 4103 759 4166 per
781 4104 904 4147 annum
926 4085 963 4148 in
984 4085 1083 4148 'ferra
1106 4085 1226 4149 Sancta
1249 4085 1336 4148 exhi-
1373 4131 1375 4137 ·

383 4186 478 4264 bere3
500 4185 569 4270 ipse
591 4205 666 4250 vero
689 4205 817 4251 crucem
843 4187 1027 4271 suscipiens,
1050 4187 1135 4251 infra
1155 4187 1334 4252 triennium

382 4289 572 4372 promiserat
592 4289 811 4354 transfretare.
834 4279 838 4288 ’
856 4291 907 4356 De
921 4290 984 4355 isto
998 4295 1073 4355 voto
1087 4289 1243 4370 resiliens,
1263 4309 1336 4374 pro·-
