3218 5098
344 597 385 664 76
641 619 837 666 onnouroorv
854 619 989 663 anesin

339 733 513 813 advenisse,
537 756 702 819 quousque
724 736 809 799 infra
832 756 940 799 muros
964 741 997 798 et
1022 735 1058 798 in
1081 734 1236 819 palatium
1259 757 1293 802 se

339 842 504 918 receptum
529 837 661 914 videret,
689 835 960 900 confidentissime
986 837 1185 900 asseveravit.
1240 836 1293 900 Ibi

339 958 439 1020 quum
461 938 609 1001 dominus
629 960 721 1023 papa,
741 939 933 1017 laetissimus,
953 938 1043 1022 quasi
1065 944 1172 1003 totum
1194 940 1294 1020 nego·

338 1041 422 1106 tium
442 1049 591 1106 exactum
611 1048 765 1125 putasset,
784 1041 891 1105 subito
912 1041 952 1104 ab
973 1040 1105 1104 armatis
1126 1040 1195 1123 ipse
1217 1061 1292 1103 cum

339 1149 411 1208 tota
424 1143 513 1206 curia
527 1144 662 1226 capitur,
675 1150 708 1206 et
723 1143 765 1207 ad
778 1143 941 1207 unctionis
957 1143 1096 1206 officium
1111 1144 1291 1226 persolven-

339 1244 427 1322 dum,
453 1246 586 1328 iusuper
611 1246 652 1310 ad
677 1245 883 1309 investituras
908 1244 1111 1328 privilegium
1135 1267 1291 1310 renovan-

339 1347 417 1412 dum
438 1355 471 1411 et
490 1349 717 1412 ratificandum
736 1347 931 1432 imperatori,
953 1348 1083 1426 invitus,
1099 1349 1292 1414 omnimodis

341 1457 540 1530 coaretatur;
562 1451 733 1535 taliterque
756 1473 834 1536 pace
855 1451 950 1530 facta,
975 1451 1153 1516 abinvicem
1176 1452 1291 1516 disces-

341 1574 413 1618 sum
438 1562 496 1620 est.
552 1556 714 1620 Henricus
742 1577 799 1620 rex
823 1555 952 1638 Angliae
978 1555 1211 1634 Flandrienses,
1236 1557 1293 1639 qui

339 1665 429 1722 trans
453 1658 637 1722 Humbram
659 1667 762 1738 erant,
786 1680 860 1725 oum
883 1658 1033 1722 omnibus
1056 1659 1130 1738 suis,
1153 1658 1189 1722 in
1210 1660 1292 1723 Ross

339 1762 515 1841 transtulit,
531 1769 569 1826 ut
584 1763 764 1827 Wallenses
779 1782 836 1846 per
851 1783 905 1827 eos
919 1762 1115 1827 refraenaret.

382 1866 468 1932 A.D.
495 1868 590 1930 1112.
628 1866 781 1930 Laterani
806 1867 842 1932 in
866 1866 998 1930 basilica
1023 1865 1292 1934 Constantiniana

341 1970 466 2054 synodo
487 1977 660 2036 convocata
681 1971 833 2054 generali,
855 1970 1004 2034 domiuus
1026 1991 1108 2053 papa
1130 1969 1291 2034 Pascbaiis

340 2073 429 2136 omni
444 2094 602 2137 consensu
624 2073 784 2158 quassavit
804 2073 885 2137 illud
904 2073 1116 2158 privilegium,
1133 2074 1219 2157 quod
1234 2095 1290 2136 an-

339 2176 449 2240 teriori
471 2198 556 2240 anno
576 2182 704 2241 coactus
719 2177 839 2242 fecerat
853 2177 1039 2262 imperatori
1047 2202 1057 2255 3
1080 2197 1196 2240 vocaus
1210 2175 1291 2239 illud

339 2278 669 2363 pravilegium-potius
685 2301 783 2363 quam
799 2280 1010 2364 privilegium,
1027 2279 1112 2362 quod
1134 2279 1165 2344 vi
1187 2286 1220 2344 et
1242 2302 1290 2343 ar-

339 2382 410 2461 mis,
427 2389 460 2448 et
480 2390 593 2447 contra
612 2405 761 2463 canones,
779 2391 847 2448 erat
868 2385 912 2448 sic
932 2390 1094 2448 extortum
1102 2409 1112 2462 3
1137 2389 1169 2446 et
1184 2383 1290 2447 adhae·

338 2492 447 2551 rentes
468 2486 504 2548 in
526 2494 718 2570 perpetuum
733 2486 1024 2566 anathematizavit,
1041 2485 1291 2551 acclamantibus

339 2588 498 2669 omnibus,
514 2590 631 2669 Amen,
647 2592 764 2655 Amen.
810 2589 901 2655 Obiit
915 2589 1151 2672 Wigorniensis
1171 2589 1289 2672 episco-

339 2714 398 2776 pus
425 2692 582 2775 Sampson
594 2719 603 2771 ;
636 2694 787 2759 successit
812 2692 954 2757 Teulfus.
1002 2693 1163 2756 Miraeula
1188 2712 1295 2776 coepe--

338 2800 416 2858 runt
431 2795 500 2859 fieri
516 2795 557 2860 ad
571 2796 719 2860 tumbam
734 2795 838 2859 sancti
853 2795 1003 2860 Waldeni
1018 2795 1144 2859 comitis
1159 2801 1192 2859 et
1207 2817 1290 2858 mar·
1328 2817 1330 2822 ·

338 2897 418 2980 tyris
440 2897 526 2982 apud
549 2898 796 2985 Croylandiam3
820 2897 905 2982 quod
928 2920 1029 2981 quum
1052 2897 1182 2981 quidam
1204 2898 1289 2962 Nor-

339 3021 489 3079 manuus,
520 3023 635 3085 genere
665 3003 852 3081 monachus,
883 3001 1078 3085 professione
1108 3001 1148 3065 de
1178 3009 1290 3066 sancto

338 3103 476 3184 Albano,
492 3107 624 3170 nominc
639 3127 712 3170 vero
728 3106 893 3186 Audinus,
910 3106 1044 3169 audiens
1059 3113 1092 3169 et
1107 3105 1288 3184 detrahens,

339 3207 380 3271 ab
400 3209 516 3274 abbate
537 3210 689 3275 Goffredo
711 3216 877 3294 correptus
899 3209 1083 3273 etiam'non
1103 3208 1289 3292 quiesceret,

339 3311 479 3378 subitam
501 3313 722 3379 infirmitatem
744 3313 780 3377 in
803 3313 880 3378 dicti
902 3312 1027 3377 abbatis
1049 3313 1220 3395 praesentia
1240 3312 1290 3375 in,

338 3415 448 3494 currit,
472 3421 505 3479 et
531 3417 572 3480 ad
598 3417 730 3482 domum
756 3439 848 3481 suam
870 3416 1036 3493 festinans,
1063 3415 1148 3479 infra
1173 3437 1290 3499 paucos

338 3517 405 3582 dies
425 3525 571 3582 mortuus
592 3527 650 3586 est.
698 3521 853 3603 Sequenti
875 3526 979 3597 nocte,
1000 3518 1079 3583 dum
1101 3518 1199 3584 abbas
1222 3519 1290 3582 haec

338 3620 447 3684 animo
461 3621 624 3684 revolvens
639 3622 675 3684 in
689 3623 772 3686 lecto
788 3622 973 3705 quiesceret,
987 3621 1078 3704 quasi
1092 3621 1133 3684 ad
1148 3621 1289 3685 loculum

338 3725 498 3808 martyris,
523 3725 608 3788 videt
634 3733 779 3790 sanctum
805 3727 1079 3790 Bartholomaeum
1102 3733 1199 3809 caput
1222 3747 1289 3789 cor·
1370 3723 1373 3728 “

336 3826 407 3910 pori
422 3827 632 3911 conjunctum
646 3835 823 3907 tenentem,
839 3836 872 3893 et
887 3828 1059 3907 dicentem,
1076 3833 1096 3863 “
1106 3829 1288 3912 Acephelus

338 3951 406 3994 non
421 3929 502 3992 est.”
548 3930 610 3994 Cui
628 3939 756 3994 sanctus
773 3932 964 4010 Guthlaeus,
980 3939 1068 3996 stans
1084 3931 1125 3994 ad
1141 3932 1290 4015 martyris

337 4033 446 4117 pedes,
462 4034 635 4117 respondit,
652 4036 801 4101 “Noster
815 4057 921 4100 comes
937 4035 1019 4100 est.”
1057 4035 1184 4100 Deinde
1199 4056 1289 4098 sano-

338 4146 391 4202 tns
422 4138 677 4203 Bartholomaeus
707 4160 835 4204 versum
868 4139 1056 4218 terminabo,
1088 4139 1132 4202 sio
1162 4138 1289 4222 adjecit,

339 4242 473 4306 “Modo
488 4260 544 4306 rex
561 4243 642 4306 est.'’
