<?xml version="1.0" encoding="UTF-8"?>
<!DOCTYPE html PUBLIC "-//W3C//DTD XHTML 1.0 Transitional//EN"
    "http://www.w3.org/TR/xhtml1/DTD/xhtml1-transitional.dtd">
<html xmlns="http://www.w3.org/1999/xhtml" xml:lang="en" lang="en">
 <head>
  <title>
</title>
<meta http-equiv="Content-Type" content="text/html;charset=utf-8" />
  <meta name='ocr-system' content='tesseract 3.04.00' />
  <meta name='ocr-capabilities' content='ocr_page ocr_carea ocr_par ocr_line ocrx_word'/>
</head>
<body>
  <div class='ocr_page' id='page_1' title='image "./chroniconanglia00chrogoog_0109.png"; bbox 0 0 3212 5102; ppageno 0'>
   <div class='ocr_carea' id='block_1_1' title="bbox 616 556 1262 631">
    <p class='ocr_par' dir='ltr' id='par_1_1' title="bbox 616 556 1262 631">
     <span class='ocr_line' id='line_1_1' title="bbox 616 556 1262 631; baseline 0.005 -5"><span class='ocrx_word' id='word_1_1' title='bbox 616 583 911 628; x_wconf 79' lang='lat' dir='ltr'><strong>rarnrauacausn..</strong></span> <span class='ocrx_word' id='word_1_2' title='bbox 1195 568 1237 631; x_wconf 81' lang='lat'><strong>87</strong></span> <span class='ocrx_word' id='word_1_3' title='bbox 1260 556 1262 559; x_wconf 34' lang='lat'>⁵</span> 
     </span>
    </p>
   </div>
   <div class='ocr_carea' id='block_1_2' title="bbox 282 698 1238 1102">
    <p class='ocr_par' dir='ltr' id='par_1_2' title="bbox 282 698 1238 1102">
     <span class='ocr_line' id='line_1_2' title="bbox 284 698 1237 772; baseline 0.007 -8"><span class='ocrx_word' id='word_1_4' title='bbox 284 698 478 769; x_wconf 78' lang='lat' dir='ltr'><strong>extollebat:</strong></span> <span class='ocrx_word' id='word_1_5' title='bbox 502 699 588 762; x_wconf 92' lang='lat' dir='ltr'><strong>unde</strong></span> <span class='ocrx_word' id='word_1_6' title='bbox 604 701 776 764; x_wconf 84' lang='lat' dir='ltr'><strong>Lotharius</strong></span> <span class='ocrx_word' id='word_1_7' title='bbox 791 721 864 764; x_wconf 92' lang='lat' dir='ltr'><strong>cum</strong></span> <span class='ocrx_word' id='word_1_8' title='bbox 881 701 1076 766; x_wconf 86' lang='lat' dir='ltr'><strong>Innocentio</strong></span> <span class='ocrx_word' id='word_1_9' title='bbox 1096 703 1237 772; x_wconf 86' lang='lat' dir='ltr'><strong>Siciliam</strong></span> 
     </span>
     <span class='ocr_line' id='line_1_3' title="bbox 283 802 1237 888; baseline 0.006 -24"><span class='ocrx_word' id='word_1_10' title='bbox 283 803 453 882; x_wconf 88' lang='lat' dir='ltr'><strong>intrantes,</strong></span> <span class='ocrx_word' id='word_1_11' title='bbox 476 802 667 886; x_wconf 88' lang='lat' dir='ltr'><strong>praedictum</strong></span> <span class='ocrx_word' id='word_1_12' title='bbox 689 805 853 887; x_wconf 87' lang='lat' dir='ltr'><strong>Bogerum</strong></span> <span class='ocrx_word' id='word_1_13' title='bbox 875 804 1044 888; x_wconf 83' lang='lat' dir='ltr'><strong>fugabant,</strong></span> <span class='ocrx_word' id='word_1_14' title='bbox 1069 811 1102 870; x_wconf 96' lang='lat' dir='ltr'><strong>et</strong></span> <span class='ocrx_word' id='word_1_15' title='bbox 1126 807 1237 871; x_wconf 90' lang='lat' dir='ltr'><strong>comiti</strong></span> 
     </span>
     <span class='ocr_line' id='line_1_4' title="bbox 284 907 1237 988; baseline 0.002 -18"><span class='ocrx_word' id='word_1_16' title='bbox 284 907 426 970; x_wconf 88' lang='lat' dir='ltr'><strong>Ranulfo</strong></span> <span class='ocrx_word' id='word_1_17' title='bbox 440 927 578 988; x_wconf 89' lang='lat' dir='ltr'><strong>regnum</strong></span> <span class='ocrx_word' id='word_1_18' title='bbox 594 907 832 971; x_wconf 64' lang='lat' dir='ltr'><strong>commiserant,</strong></span> <span class='ocrx_word' id='word_1_19' title='bbox 871 907 959 971; x_wconf 85' lang='lat' dir='ltr'>Huic</span> <span class='ocrx_word' id='word_1_20' title='bbox 974 908 1114 972; x_wconf 87' lang='lat' dir='ltr'><strong>victoriae</strong></span> <span class='ocrx_word' id='word_1_21' title='bbox 1128 909 1237 986; x_wconf 86' lang='lat' dir='ltr'><strong>Pisani</strong></span> 
     </span>
     <span class='ocr_line' id='line_1_5' title="bbox 282 1009 1238 1102; baseline 0.004 -30"><span class='ocrx_word' id='word_1_22' title='bbox 282 1009 411 1091; x_wconf 85' lang='lat' dir='ltr'><strong>navigio</strong></span> <span class='ocrx_word' id='word_1_23' title='bbox 426 1030 486 1073; x_wconf 92' lang='lat' dir='ltr'><strong>suo</strong></span> <span class='ocrx_word' id='word_1_24' title='bbox 503 1056 510 1072; x_wconf 91' lang='lat'><strong>.</strong></span> <span class='ocrx_word' id='word_1_25' title='bbox 529 1057 536 1071; x_wconf 92' lang='lat'><strong><em>.</em></strong></span> <span class='ocrx_word' id='word_1_26' title='bbox 554 1054 562 1072; x_wconf 83' lang='grc'><strong>.</strong></span> <span class='ocrx_word' id='word_1_27' title='bbox 580 1057 587 1072; x_wconf 93' lang='grc'><strong>.</strong></span> <span class='ocrx_word' id='word_1_28' title='bbox 604 1010 797 1074; x_wconf 88' lang='lat' dir='ltr'><strong>astiterunt:</strong></span> <span class='ocrx_word' id='word_1_29' title='bbox 821 1011 908 1074; x_wconf 90' lang='lat' dir='ltr'><strong>unde</strong></span> <span class='ocrx_word' id='word_1_30' title='bbox 931 1012 1103 1102; x_wconf 90' lang='lat' dir='ltr'><strong>attendens</strong></span> <span class='ocrx_word' id='word_1_31' title='bbox 1125 1033 1238 1076; x_wconf 88' lang='lat' dir='ltr'><strong>eorum</strong></span> 
     </span>
    </p>
   </div>
   <div class='ocr_carea' id='block_1_3' title="bbox 282 1111 1350 1198">
    <p class='ocr_par' dir='ltr' id='par_1_3' title="bbox 282 1111 1350 1198">
     <span class='ocr_line' id='line_1_6' title="bbox 282 1111 1350 1198; baseline 0.007 -24"><span class='ocrx_word' id='word_1_32' title='bbox 282 1133 340 1195; x_wconf 90' lang='lat' dir='ltr'><strong>pro</strong></span> <span class='ocrx_word' id='word_1_33' title='bbox 355 1111 424 1194; x_wconf 88' lang='lat' dir='ltr'><strong>ipso</strong></span> <span class='ocrx_word' id='word_1_34' title='bbox 439 1118 472 1175; x_wconf 89' lang='lat' dir='ltr'><strong>et</strong></span> <span class='ocrx_word' id='word_1_35' title='bbox 486 1133 545 1195; x_wconf 93' lang='lat' dir='ltr'><strong>pro</strong></span> <span class='ocrx_word' id='word_1_36' title='bbox 560 1113 694 1176; x_wconf 87' lang='lat' dir='ltr'><strong>ecclesia</strong></span> <span class='ocrx_word' id='word_1_37' title='bbox 707 1113 841 1192; x_wconf 89' lang='lat' dir='ltr'><strong>labores,</strong></span> <span class='ocrx_word' id='word_1_38' title='bbox 858 1115 1010 1178; x_wconf 89' lang='lat' dir='ltr'><strong>Pisanum</strong></span> <span class='ocrx_word' id='word_1_39' title='bbox 1027 1115 1236 1198; x_wconf 89' lang='lat' dir='ltr'><strong>archiepisco·</strong></span> <span class='ocrx_word' id='word_1_40' title='bbox 1349 1126 1350 1130; x_wconf 77' lang='grc'>’</span> 
     </span>
    </p>
   </div>
   <div class='ocr_carea' id='block_1_4' title="bbox 232 1214 1240 4298">
    <p class='ocr_par' dir='ltr' id='par_1_4' title="bbox 232 1214 1240 3570">
     <span class='ocr_line' id='line_1_7' title="bbox 281 1214 1236 1298; baseline 0.004 -22"><span class='ocrx_word' id='word_1_41' title='bbox 281 1236 361 1297; x_wconf 90' lang='lat' dir='ltr'><strong>pum</strong></span> <span class='ocrx_word' id='word_1_42' title='bbox 383 1222 416 1278; x_wconf 90' lang='lat' dir='ltr'><strong>et</strong></span> <span class='ocrx_word' id='word_1_43' title='bbox 437 1215 609 1298; x_wconf 87' lang='lat' dir='ltr'><strong>primatem</strong></span> <span class='ocrx_word' id='word_1_44' title='bbox 628 1214 729 1278; x_wconf 91' lang='lat' dir='ltr'><strong>totius</strong></span> <span class='ocrx_word' id='word_1_45' title='bbox 752 1215 908 1280; x_wconf 84' lang='lat' dir='ltr'><strong>Sardiniae</strong></span> <span class='ocrx_word' id='word_1_46' title='bbox 929 1216 1015 1294; x_wconf 87' lang='lat' dir='ltr'><strong>fecit,</strong></span> <span class='ocrx_word' id='word_1_47' title='bbox 1037 1223 1070 1280; x_wconf 92' lang='lat' dir='ltr'><strong>et</strong></span> <span class='ocrx_word' id='word_1_48' title='bbox 1091 1217 1236 1280; x_wconf 89' lang='lat' dir='ltr'><strong>Januen-</strong></span> 
     </span>
     <span class='ocr_line' id='line_1_8' title="bbox 282 1317 1234 1404; baseline 0.003 -24"><span class='ocrx_word' id='word_1_49' title='bbox 282 1339 351 1381; x_wconf 88' lang='lat' dir='ltr'><strong>sem</strong></span> <span class='ocrx_word' id='word_1_50' title='bbox 365 1317 550 1401; x_wconf 90' lang='lat' dir='ltr'><strong>episcopum</strong></span> <span class='ocrx_word' id='word_1_51' title='bbox 564 1317 600 1380; x_wconf 92' lang='lat' dir='ltr'><strong>in</strong></span> <span class='ocrx_word' id='word_1_52' title='bbox 615 1317 888 1401; x_wconf 89' lang='lat' dir='ltr'><strong>archiepiscopum</strong></span> <span class='ocrx_word' id='word_1_53' title='bbox 899 1319 1108 1383; x_wconf 85' lang='lat' dir='ltr'><strong>commutavit</strong></span> <span class='ocrx_word' id='word_1_54' title='bbox 1122 1345 1128 1382; x_wconf 95' lang='lat'><strong>:</strong></span> <span class='ocrx_word' id='word_1_55' title='bbox 1151 1320 1234 1404; x_wconf 88' lang='lat' dir='ltr'><strong>ipse-</strong></span> 
     </span>
     <span class='ocr_line' id='line_1_9' title="bbox 281 1421 1232 1504; baseline 0.002 -20"><span class='ocrx_word' id='word_1_56' title='bbox 281 1443 342 1504; x_wconf 85' lang='lat' dir='ltr'><strong>que</strong></span> <span class='ocrx_word' id='word_1_57' title='bbox 357 1423 514 1504; x_wconf 86' lang='lat' dir='ltr'><strong>Rogerus,</strong></span> <span class='ocrx_word' id='word_1_58' title='bbox 529 1421 722 1504; x_wconf 78' lang='lat' dir='ltr'>imperatore</span> <span class='ocrx_word' id='word_1_59' title='bbox 745 1440 820 1484; x_wconf 91' lang='lat' dir='ltr'><strong>cum</strong></span> <span class='ocrx_word' id='word_1_60' title='bbox 841 1443 924 1504; x_wconf 87' lang='lat' dir='ltr'><strong>papa</strong></span> <span class='ocrx_word' id='word_1_61' title='bbox 939 1423 1077 1486; x_wconf 81' lang='lat' dir='ltr'><strong>Romam</strong></span> <span class='ocrx_word' id='word_1_62' title='bbox 1097 1443 1232 1502; x_wconf 81' lang='lat' dir='ltr'><strong>reverso,</strong></span> 
     </span>
     <span class='ocr_line' id='line_1_10' title="bbox 280 1523 1235 1589; baseline 0.003 -3"><span class='ocrx_word' id='word_1_63' title='bbox 280 1525 316 1587; x_wconf 92' lang='lat' dir='ltr'><strong>in</strong></span> <span class='ocrx_word' id='word_1_64' title='bbox 332 1525 511 1588; x_wconf 88' lang='lat' dir='ltr'><strong>Ranulfum</strong></span> <span class='ocrx_word' id='word_1_65' title='bbox 531 1523 682 1588; x_wconf 90' lang='lat' dir='ltr'><strong>comitem</strong></span> <span class='ocrx_word' id='word_1_66' title='bbox 697 1523 778 1586; x_wconf 91' lang='lat' dir='ltr'><strong>vires</strong></span> <span class='ocrx_word' id='word_1_67' title='bbox 798 1545 872 1586; x_wconf 87' lang='lat' dir='ltr'><strong>suas</strong></span> <span class='ocrx_word' id='word_1_68' title='bbox 892 1523 1050 1588; x_wconf 75' lang='lat' dir='ltr'>exerebat.</span> <span class='ocrx_word' id='word_1_69' title='bbox 1096 1524 1150 1588; x_wconf 87' lang='lat' dir='ltr'><strong>Ad</strong></span> <span class='ocrx_word' id='word_1_70' title='bbox 1167 1525 1235 1589; x_wconf 91' lang='lat' dir='ltr'><strong>bel-</strong></span> 
     </span>
     <span class='ocr_line' id='line_1_11' title="bbox 281 1627 1234 1705; baseline 0.001 -14"><span class='ocrx_word' id='word_1_71' title='bbox 281 1628 350 1691; x_wconf 86' lang='lat' dir='ltr'><strong>lum</strong></span> <span class='ocrx_word' id='word_1_72' title='bbox 374 1628 506 1691; x_wconf 87' lang='lat' dir='ltr'><strong>tandem</strong></span> <span class='ocrx_word' id='word_1_73' title='bbox 529 1634 664 1691; x_wconf 89' lang='lat' dir='ltr'><strong>ventum</strong></span> <span class='ocrx_word' id='word_1_74' title='bbox 689 1634 748 1705; x_wconf 90' lang='lat' dir='ltr'><strong>est,</strong></span> <span class='ocrx_word' id='word_1_75' title='bbox 774 1628 865 1690; x_wconf 88' lang='lat' dir='ltr'><strong>affuit</strong></span> <span class='ocrx_word' id='word_1_76' title='bbox 895 1634 1025 1691; x_wconf 89' lang='lat' dir='ltr'><strong>sanctus</strong></span> <span class='ocrx_word' id='word_1_77' title='bbox 1049 1627 1234 1692; x_wconf 90' lang='lat' dir='ltr'><strong>Bernardus</strong></span> 
     </span>
     <span class='ocr_line' id='line_1_12' title="bbox 280 1728 1234 1814; baseline 0.004 -23"><span class='ocrx_word' id='word_1_78' title='bbox 280 1728 367 1793; x_wconf 90' lang='lat' dir='ltr'><strong>inter</strong></span> <span class='ocrx_word' id='word_1_79' title='bbox 382 1729 552 1808; x_wconf 87' lang='lat' dir='ltr'><strong>discordes,</strong></span> <span class='ocrx_word' id='word_1_80' title='bbox 568 1735 717 1812; x_wconf 82' lang='lat' dir='ltr'><strong>satagens</strong></span> <span class='ocrx_word' id='word_1_81' title='bbox 732 1751 922 1812; x_wconf 90' lang='lat' dir='ltr'><strong>componere</strong></span> <span class='ocrx_word' id='word_1_82' title='bbox 937 1751 1058 1814; x_wconf 89' lang='lat' dir='ltr'><strong>pacem,</strong></span> <span class='ocrx_word' id='word_1_83' title='bbox 1071 1731 1234 1795; x_wconf 75' lang='lat' dir='ltr'><strong>catholicis</strong></span> 
     </span>
     <span class='ocr_line' id='line_1_13' title="bbox 280 1831 1234 1915; baseline 0.001 -20"><span class='ocrx_word' id='word_1_84' title='bbox 280 1833 472 1915; x_wconf 88' lang='lat' dir='ltr'><strong>promittens</strong></span> <span class='ocrx_word' id='word_1_85' title='bbox 487 1832 663 1910; x_wconf 81' lang='lat' dir='ltr'><strong>victoriam,</strong></span> <span class='ocrx_word' id='word_1_86' title='bbox 680 1839 713 1895; x_wconf 92' lang='lat' dir='ltr'><strong>et</strong></span> <span class='ocrx_word' id='word_1_87' title='bbox 729 1831 937 1895; x_wconf 86' lang='lat' dir='ltr'><strong>schismaticis</strong></span> <span class='ocrx_word' id='word_1_88' title='bbox 960 1831 1147 1896; x_wconf 87' lang='lat' dir='ltr'><strong>dissuadens</strong></span> <span class='ocrx_word' id='word_1_89' title='bbox 1167 1833 1234 1896; x_wconf 94' lang='lat' dir='ltr'><strong>bel-</strong></span> 
     </span>
     <span class='ocr_line' id='line_1_14' title="bbox 280 1935 1234 2019; baseline 0 -21"><span class='ocrx_word' id='word_1_90' title='bbox 280 1936 349 1999; x_wconf 89' lang='lat' dir='ltr'><strong>lum</strong></span> <span class='ocrx_word' id='word_1_91' title='bbox 358 1963 368 2014; x_wconf 83' lang='lat'>3</span> <span class='ocrx_word' id='word_1_92' title='bbox 392 1937 476 2019; x_wconf 88' lang='lat' dir='ltr'><strong>quia,</strong></span> <span class='ocrx_word' id='word_1_93' title='bbox 493 1937 519 1999; x_wconf 91' lang='lat' dir='ltr'><strong>si</strong></span> <span class='ocrx_word' id='word_1_94' title='bbox 534 1936 702 2014; x_wconf 88' lang='lat' dir='ltr'><strong>bellarent,</strong></span> <span class='ocrx_word' id='word_1_95' title='bbox 718 1935 868 2018; x_wconf 80' lang='lat' dir='ltr'><strong>praedixit</strong></span> <span class='ocrx_word' id='word_1_96' title='bbox 888 1942 1031 2016; x_wconf 87' lang='lat' dir='ltr'><strong>stragem</strong></span> <span class='ocrx_word' id='word_1_97' title='bbox 1051 1941 1083 1998; x_wconf 91' lang='lat' dir='ltr'><strong>et</strong></span> <span class='ocrx_word' id='word_1_98' title='bbox 1102 1936 1214 2019; x_wconf 86' lang='lat' dir='ltr'><strong>fugam</strong></span> <span class='ocrx_word' id='word_1_99' title='bbox 1223 1963 1234 2015; x_wconf 75' lang='lat'><em>3</em></span> 
     </span>
     <span class='ocr_line' id='line_1_15' title="bbox 280 2037 1233 2104; baseline 0 -1"><span class='ocrx_word' id='word_1_100' title='bbox 280 2061 341 2103; x_wconf 91' lang='lat' dir='ltr'><strong>nec</strong></span> <span class='ocrx_word' id='word_1_101' title='bbox 361 2040 469 2102; x_wconf 87' lang='lat' dir='ltr'><strong>minus</strong></span> <span class='ocrx_word' id='word_1_102' title='bbox 488 2038 618 2102; x_wconf 86' lang='lat' dir='ltr'><strong>accidit..</strong></span> <span class='ocrx_word' id='word_1_103' title='bbox 661 2039 772 2104; x_wconf 80' lang='lat' dir='ltr'><strong>Quum</strong></span> <span class='ocrx_word' id='word_1_104' title='bbox 792 2060 849 2102; x_wconf 83' lang='lat' dir='ltr'><strong>rex</strong></span> <span class='ocrx_word' id='word_1_105' title='bbox 868 2039 905 2100; x_wconf 91' lang='lat' dir='ltr'><strong>in</strong></span> <span class='ocrx_word' id='word_1_106' title='bbox 924 2037 1065 2101; x_wconf 92' lang='lat' dir='ltr'><strong>militum</strong></span> <span class='ocrx_word' id='word_1_107' title='bbox 1084 2039 1233 2103; x_wconf 91' lang='lat' dir='ltr'><strong>multitu-</strong></span> 
     </span>
     <span class='ocr_line' id='line_1_16' title="bbox 281 2141 1233 2231; baseline 0.001 -26"><span class='ocrx_word' id='word_1_108' title='bbox 281 2142 357 2205; x_wconf 92' lang='lat' dir='ltr'><strong>dine</strong></span> <span class='ocrx_word' id='word_1_109' title='bbox 372 2141 558 2231; x_wconf 87' lang='lat' dir='ltr'><strong>confideret,</strong></span> <span class='ocrx_word' id='word_1_110' title='bbox 573 2148 607 2205; x_wconf 92' lang='lat' dir='ltr'><strong>et</strong></span> <span class='ocrx_word' id='word_1_111' title='bbox 625 2163 731 2206; x_wconf 90' lang='lat' dir='ltr'><strong>comes</strong></span> <span class='ocrx_word' id='word_1_112' title='bbox 752 2141 928 2204; x_wconf 87' lang='lat' dir='ltr'><strong>catholicus</strong></span> <span class='ocrx_word' id='word_1_113' title='bbox 948 2141 1157 2225; x_wconf 89' lang='lat' dir='ltr'><strong>paucissimos</strong></span> <span class='ocrx_word' id='word_1_114' title='bbox 1176 2143 1233 2206; x_wconf 92' lang='lat' dir='ltr'><strong>ha-</strong></span> 
     </span>
     <span class='ocr_line' id='line_1_17' title="bbox 280 2239 1232 2329; baseline 0.001 -21"><span class='ocrx_word' id='word_1_115' title='bbox 280 2244 381 2324; x_wconf 91' lang='lat' dir='ltr'><strong>beret,</strong></span> <span class='ocrx_word' id='word_1_116' title='bbox 398 2244 515 2310; x_wconf 85' lang='lat' dir='ltr'><strong>abbate</strong></span> <span class='ocrx_word' id='word_1_117' title='bbox 529 2245 662 2309; x_wconf 89' lang='lat' dir='ltr'><strong>tandem</strong></span> <span class='ocrx_word' id='word_1_118' title='bbox 677 2251 791 2309; x_wconf 91' lang='lat' dir='ltr'><strong>orante</strong></span> <span class='ocrx_word' id='word_1_119' title='bbox 802 2239 897 2329; x_wconf 67' lang='lat' dir='ltr'><strong>juxta</strong></span> <span class='ocrx_word' id='word_1_120' title='bbox 915 2245 1021 2308; x_wconf 89' lang='lat' dir='ltr'><strong>locum</strong></span> <span class='ocrx_word' id='word_1_121' title='bbox 1037 2247 1232 2326; x_wconf 86' lang='lat' dir='ltr'><strong>certaminis,</strong></span> 
     </span>
     <span class='ocr_line' id='line_1_18' title="bbox 281 2348 1231 2432; baseline 0.001 -20"><span class='ocrx_word' id='word_1_122' title='bbox 281 2371 381 2432; x_wconf 92' lang='lat' dir='ltr'><strong>quum</strong></span> <span class='ocrx_word' id='word_1_123' title='bbox 390 2349 511 2412; x_wconf 88' lang='lat' dir='ltr'><strong>clamor</strong></span> <span class='ocrx_word' id='word_1_124' title='bbox 522 2348 708 2412; x_wconf 87' lang='lat' dir='ltr'><strong>cadentium</strong></span> <span class='ocrx_word' id='word_1_125' title='bbox 724 2369 757 2412; x_wconf 90' lang='lat' dir='ltr'><strong>se</strong></span> <span class='ocrx_word' id='word_1_126' title='bbox 772 2349 949 2427; x_wconf 87' lang='lat' dir='ltr'><strong>extolleret,</strong></span> <span class='ocrx_word' id='word_1_127' title='bbox 965 2369 1050 2411; x_wconf 88' lang='lat' dir='ltr'><strong>unus</strong></span> <span class='ocrx_word' id='word_1_128' title='bbox 1067 2348 1106 2412; x_wconf 93' lang='lat' dir='ltr'><strong>de</strong></span> <span class='ocrx_word' id='word_1_129' title='bbox 1121 2371 1231 2414; x_wconf 87' lang='lat' dir='ltr'><strong>mona-</strong></span> 
     </span>
     <span class='ocr_line' id='line_1_19' title="bbox 279 2452 1231 2537; baseline 0.001 -21"><span class='ocrx_word' id='word_1_130' title='bbox 279 2452 348 2516; x_wconf 86' lang='lat' dir='ltr'><strong>chis</strong></span> <span class='ocrx_word' id='word_1_131' title='bbox 364 2452 489 2516; x_wconf 91' lang='lat' dir='ltr'><strong>abbatis</strong></span> <span class='ocrx_word' id='word_1_132' title='bbox 504 2452 623 2531; x_wconf 87' lang='lat' dir='ltr'><strong>exiens,</strong></span> <span class='ocrx_word' id='word_1_133' title='bbox 639 2459 672 2516; x_wconf 93' lang='lat' dir='ltr'><strong>et</strong></span> <span class='ocrx_word' id='word_1_134' title='bbox 688 2475 707 2516; x_wconf 91' lang='lat' dir='ltr'><strong>a</strong></span> <span class='ocrx_word' id='word_1_135' title='bbox 723 2452 861 2536; x_wconf 90' lang='lat' dir='ltr'><strong>quodam</strong></span> <span class='ocrx_word' id='word_1_136' title='bbox 881 2452 983 2516; x_wconf 88' lang='lat' dir='ltr'><strong>milite</strong></span> <span class='ocrx_word' id='word_1_137' title='bbox 1002 2453 1137 2535; x_wconf 83' lang='lat' dir='ltr'><strong>fugante</strong></span> <span class='ocrx_word' id='word_1_138' title='bbox 1151 2475 1231 2537; x_wconf 84' lang='lat' dir='ltr'><strong>prae·-</strong></span> 
     </span>
     <span class='ocr_line' id='line_1_20' title="bbox 275 2555 1232 2640; baseline 0.001 -21"><span class='ocrx_word' id='word_1_139' title='bbox 275 2561 454 2635; x_wconf 88' lang='lat' dir='ltr'><strong>currentes,</strong></span> <span class='ocrx_word' id='word_1_140' title='bbox 481 2578 564 2620; x_wconf 91' lang='lat' dir='ltr'><strong>nova</strong></span> <span class='ocrx_word' id='word_1_141' title='bbox 592 2555 669 2620; x_wconf 93' lang='lat' dir='ltr'><strong>belli</strong></span> <span class='ocrx_word' id='word_1_142' title='bbox 697 2555 790 2640; x_wconf 90' lang='lat' dir='ltr'><strong>petiit</strong></span> <span class='ocrx_word' id='word_1_143' title='bbox 800 2583 810 2634; x_wconf 82' lang='lat'>3</span> <span class='ocrx_word' id='word_1_144' title='bbox 843 2556 898 2640; x_wconf 92' lang='lat' dir='ltr'><strong>qui</strong></span> <span class='ocrx_word' id='word_1_145' title='bbox 922 2556 1097 2640; x_wconf 87' lang='lat' dir='ltr'><strong>respondit,</strong></span> <span class='ocrx_word' id='word_1_146' title='bbox 1126 2557 1232 2620; x_wconf 90' lang='lat' dir='ltr'><strong>“Vidi</strong></span> 
     </span>
     <span class='ocr_line' id='line_1_21' title="bbox 232 2658 1231 2743; baseline 0.003 -22"><span class='ocrx_word' id='word_1_147' title='bbox 232 2705 234 2712; x_wconf 82' lang='grc'>.</span> <span class='ocrx_word' id='word_1_148' title='bbox 277 2658 414 2743; x_wconf 90' lang='lat' dir='ltr'><strong>impium</strong></span> <span class='ocrx_word' id='word_1_149' title='bbox 436 2659 707 2742; x_wconf 87' lang='lat' dir='ltr'><strong>superexaltatum</strong></span> <span class='ocrx_word' id='word_1_150' title='bbox 731 2664 764 2723; x_wconf 90' lang='lat' dir='ltr'><strong>et</strong></span> <span class='ocrx_word' id='word_1_151' title='bbox 787 2659 956 2737; x_wconf 89' lang='lat' dir='ltr'><strong>elevatum,</strong></span> <span class='ocrx_word' id='word_1_152' title='bbox 978 2665 1012 2722; x_wconf 90' lang='lat' dir='ltr'><strong>et</strong></span> <span class='ocrx_word' id='word_1_153' title='bbox 1033 2659 1176 2739; x_wconf 87' lang='lat' dir='ltr'><strong>transivi,</strong></span> <span class='ocrx_word' id='word_1_154' title='bbox 1199 2667 1231 2724; x_wconf 92' lang='lat' dir='ltr'><strong>et</strong></span> 
     </span>
     <span class='ocr_line' id='line_1_22' title="bbox 278 2762 1230 2847; baseline 0.004 -21"><span class='ocrx_word' id='word_1_155' title='bbox 278 2784 351 2826; x_wconf 88' lang='lat' dir='ltr'><strong>ecce</strong></span> <span class='ocrx_word' id='word_1_156' title='bbox 366 2785 435 2828; x_wconf 90' lang='lat' dir='ltr'><strong>non</strong></span> <span class='ocrx_word' id='word_1_157' title='bbox 450 2764 552 2827; x_wconf 88' lang='lat' dir='ltr'><strong>erat.”</strong></span> <span class='ocrx_word' id='word_1_158' title='bbox 598 2765 678 2827; x_wconf 86' lang='lat' dir='ltr'><strong>Mox</strong></span> <span class='ocrx_word' id='word_1_159' title='bbox 698 2763 765 2847; x_wconf 87' lang='lat' dir='ltr'><strong>ipse</strong></span> <span class='ocrx_word' id='word_1_160' title='bbox 786 2785 892 2828; x_wconf 89' lang='lat' dir='ltr'><strong>comes</strong></span> <span class='ocrx_word' id='word_1_161' title='bbox 913 2762 1094 2842; x_wconf 90' lang='lat' dir='ltr'><strong>adveniens,</strong></span> <span class='ocrx_word' id='word_1_162' title='bbox 1111 2771 1144 2828; x_wconf 93' lang='lat' dir='ltr'><strong>et</strong></span> <span class='ocrx_word' id='word_1_163' title='bbox 1163 2787 1230 2832; x_wconf 84' lang='lat' dir='ltr'><strong>mo.-</strong></span> 
     </span>
     <span class='ocr_line' id='line_1_23' title="bbox 277 2866 1230 2951; baseline 0.004 -22"><span class='ocrx_word' id='word_1_164' title='bbox 277 2866 419 2930; x_wconf 88' lang='lat' dir='ltr'><strong>nachum</strong></span> <span class='ocrx_word' id='word_1_165' title='bbox 433 2867 554 2945; x_wconf 88' lang='lat' dir='ltr'><strong>videns,</strong></span> <span class='ocrx_word' id='word_1_166' title='bbox 570 2887 652 2951; x_wconf 91' lang='lat' dir='ltr'><strong>equo</strong></span> <span class='ocrx_word' id='word_1_167' title='bbox 669 2866 796 2945; x_wconf 89' lang='lat' dir='ltr'><strong>desiliit,</strong></span> <span class='ocrx_word' id='word_1_168' title='bbox 813 2873 845 2930; x_wconf 92' lang='lat' dir='ltr'><strong>et</strong></span> <span class='ocrx_word' id='word_1_169' title='bbox 864 2866 996 2930; x_wconf 88' lang='lat' dir='ltr'><strong>adorato</strong></span> <span class='ocrx_word' id='word_1_170' title='bbox 1017 2867 1088 2930; x_wconf 92' lang='lat' dir='ltr'><strong>Deo</strong></span> <span class='ocrx_word' id='word_1_171' title='bbox 1107 2867 1143 2930; x_wconf 89' lang='lat' dir='ltr'><strong>in</strong></span> <span class='ocrx_word' id='word_1_172' title='bbox 1159 2877 1230 2933; x_wconf 72' lang='lat' dir='ltr'><strong>&#39;mo-</strong></span> 
     </span>
     <span class='ocr_line' id='line_1_24' title="bbox 278 2971 1229 3056; baseline 0.004 -22"><span class='ocrx_word' id='word_1_173' title='bbox 278 2971 391 3050; x_wconf 84' lang='lat' dir='ltr'><strong>nacho,</strong></span> <span class='ocrx_word' id='word_1_174' title='bbox 419 2993 539 3056; x_wconf 93' lang='lat' dir='ltr'><strong>equum</strong></span> <span class='ocrx_word' id='word_1_175' title='bbox 568 2979 727 3056; x_wconf 88' lang='lat' dir='ltr'><strong>repetens,</strong></span> <span class='ocrx_word' id='word_1_176' title='bbox 751 2971 913 3055; x_wconf 88' lang='lat' dir='ltr'><strong>fugientes</strong></span> <span class='ocrx_word' id='word_1_177' title='bbox 942 2973 1138 3055; x_wconf 84' lang='lat' dir='ltr'><strong>insequutus</strong></span> <span class='ocrx_word' id='word_1_178' title='bbox 1162 2979 1229 3051; x_wconf 84' lang='lat' dir='ltr'><strong>est;</strong></span> 
     </span>
     <span class='ocr_line' id='line_1_25' title="bbox 278 3075 1230 3160; baseline 0.001 -22"><span class='ocrx_word' id='word_1_179' title='bbox 278 3075 334 3138; x_wconf 91' lang='lat' dir='ltr'><strong>sed</strong></span> <span class='ocrx_word' id='word_1_180' title='bbox 347 3076 444 3160; x_wconf 87' lang='lat' dir='ltr'><strong>periit</strong></span> <span class='ocrx_word' id='word_1_181' title='bbox 458 3077 600 3160; x_wconf 87' lang='lat' dir='ltr'><strong>ipsorum</strong></span> <span class='ocrx_word' id='word_1_182' title='bbox 615 3077 770 3140; x_wconf 89' lang='lat' dir='ltr'><strong>memoria</strong></span> <span class='ocrx_word' id='word_1_183' title='bbox 785 3097 859 3139; x_wconf 92' lang='lat' dir='ltr'><strong>cum</strong></span> <span class='ocrx_word' id='word_1_184' title='bbox 875 3076 992 3138; x_wconf 86' lang='lat' dir='ltr'><strong>sonitu.</strong></span> <span class='ocrx_word' id='word_1_185' title='bbox 1033 3076 1175 3140; x_wconf 90' lang='lat' dir='ltr'><strong>Abbatia</strong></span> <span class='ocrx_word' id='word_1_186' title='bbox 1190 3076 1230 3139; x_wconf 94' lang='lat' dir='ltr'><strong>de</strong></span> 
     </span>
     <span class='ocr_line' id='line_1_26' title="bbox 277 3177 1228 3257; baseline 0.001 -16"><span class='ocrx_word' id='word_1_187' title='bbox 277 3179 435 3242; x_wconf 84' lang='lat' dir='ltr'><strong>Fontibus</strong></span> <span class='ocrx_word' id='word_1_188' title='bbox 450 3179 586 3242; x_wconf 86' lang='lat' dir='ltr'><strong>fundata</strong></span> <span class='ocrx_word' id='word_1_189' title='bbox 601 3187 660 3257; x_wconf 90' lang='lat' dir='ltr'><strong>est,</strong></span> <span class='ocrx_word' id='word_1_190' title='bbox 675 3179 742 3242; x_wconf 90' lang='lat' dir='ltr'><strong>filia</strong></span> <span class='ocrx_word' id='word_1_191' title='bbox 757 3178 953 3242; x_wconf 85' lang='lat' dir='ltr'><strong>Clarevalliae</strong></span> <span class='ocrx_word' id='word_1_192' title='bbox 961 3204 971 3255; x_wconf 64' lang='grc' dir='ltr'>ς</span> <span class='ocrx_word' id='word_1_193' title='bbox 995 3181 1027 3241; x_wconf 90' lang='lat' dir='ltr'><strong>et</strong></span> <span class='ocrx_word' id='word_1_194' title='bbox 1043 3177 1174 3242; x_wconf 86' lang='lat' dir='ltr'><strong>abbatia</strong></span> <span class='ocrx_word' id='word_1_195' title='bbox 1189 3178 1228 3242; x_wconf 90' lang='lat' dir='ltr'><strong>de</strong></span> 
     </span>
     <span class='ocr_line' id='line_1_27' title="bbox 278 3280 1240 3358; baseline -0.001 -15"><span class='ocrx_word' id='word_1_196' title='bbox 278 3280 460 3345; x_wconf 85' lang='lat' dir='ltr'><strong>Geredonia</strong></span> <span class='ocrx_word' id='word_1_197' title='bbox 474 3280 611 3344; x_wconf 85' lang='lat' dir='ltr'><strong>fundata</strong></span> <span class='ocrx_word' id='word_1_198' title='bbox 625 3287 684 3358; x_wconf 89' lang='lat' dir='ltr'><strong>est,</strong></span> <span class='ocrx_word' id='word_1_199' title='bbox 700 3281 766 3343; x_wconf 90' lang='lat' dir='ltr'><strong>filia</strong></span> <span class='ocrx_word' id='word_1_200' title='bbox 781 3281 821 3344; x_wconf 89' lang='lat' dir='ltr'><strong>de</strong></span> <span class='ocrx_word' id='word_1_201' title='bbox 831 3280 1008 3343; x_wconf 89' lang='lat' dir='ltr'><strong>Waverlee.</strong></span> <span class='ocrx_word' id='word_1_202' title='bbox 1053 3280 1097 3344; x_wconf 84' lang='lat' dir='ltr'><strong>Et</strong></span> <span class='ocrx_word' id='word_1_203' title='bbox 1112 3281 1240 3344; x_wconf 51' lang='lat' dir='ltr'><strong>Marti-¹</strong></span> 
     </span>
     <span class='ocr_line' id='line_1_28' title="bbox 276 3382 1229 3466; baseline 0.001 -20"><span class='ocrx_word' id='word_1_204' title='bbox 276 3406 339 3446; x_wconf 91' lang='lat' dir='ltr'><strong>nus</strong></span> <span class='ocrx_word' id='word_1_205' title='bbox 355 3384 394 3447; x_wconf 94' lang='lat' dir='ltr'><strong>de</strong></span> <span class='ocrx_word' id='word_1_206' title='bbox 410 3384 513 3447; x_wconf 86' lang='lat' dir='ltr'><strong>Becco</strong></span> <span class='ocrx_word' id='word_1_207' title='bbox 528 3385 563 3446; x_wconf 93' lang='lat' dir='ltr'><strong>in</strong></span> <span class='ocrx_word' id='word_1_208' title='bbox 584 3382 734 3448; x_wconf 91' lang='lat' dir='ltr'><strong>abbatem</strong></span> <span class='ocrx_word' id='word_1_209' title='bbox 749 3383 851 3466; x_wconf 88' lang='lat' dir='ltr'><strong>Burgi</strong></span> <span class='ocrx_word' id='word_1_210' title='bbox 867 3389 917 3447; x_wconf 91' lang='lat' dir='ltr'><strong>est</strong></span> <span class='ocrx_word' id='word_1_211' title='bbox 932 3383 1065 3462; x_wconf 90' lang='lat' dir='ltr'><strong>electus,</strong></span> <span class='ocrx_word' id='word_1_212' title='bbox 1080 3383 1162 3447; x_wconf 90' lang='lat' dir='ltr'><strong>etin</strong></span> <span class='ocrx_word' id='word_1_213' title='bbox 1177 3383 1229 3447; x_wconf 93' lang='lat' dir='ltr'><strong>die</strong></span> 
     </span>
     <span class='ocr_line' id='line_1_29' title="bbox 277 3487 1036 3570; baseline 0.003 -21"><span class='ocrx_word' id='word_1_214' title='bbox 277 3487 381 3550; x_wconf 87' lang='lat' dir='ltr'><strong>sancti</strong></span> <span class='ocrx_word' id='word_1_215' title='bbox 395 3487 483 3550; x_wconf 90' lang='lat' dir='ltr'><strong>Petri</strong></span> <span class='ocrx_word' id='word_1_216' title='bbox 499 3493 548 3550; x_wconf 90' lang='lat' dir='ltr'><strong>est</strong></span> <span class='ocrx_word' id='word_1_217' title='bbox 562 3492 733 3570; x_wconf 66' lang='lat' dir='ltr'><strong>receptus?</strong></span> <span class='ocrx_word' id='word_1_218' title='bbox 1034 3498 1036 3502; x_wconf 83' lang='grc'><strong>’</strong></span> 
     </span>
    </p>

    <p class='ocr_par' dir='ltr' id='par_1_5' title="bbox 273 3589 1237 4298">
     <span class='ocr_line' id='line_1_30' title="bbox 319 3589 1228 3660; baseline 0.001 -8"><span class='ocrx_word' id='word_1_219' title='bbox 319 3591 404 3660; x_wconf 91' lang='lat' dir='ltr'><strong>A.D.</strong></span> <span class='ocrx_word' id='word_1_220' title='bbox 430 3592 524 3654; x_wconf 79' lang='lat'>1134.</span> <span class='ocrx_word' id='word_1_221' title='bbox 571 3589 748 3654; x_wconf 86' lang='lat' dir='ltr'><strong>Combusta</strong></span> <span class='ocrx_word' id='word_1_222' title='bbox 773 3596 822 3654; x_wconf 91' lang='lat' dir='ltr'><strong>est</strong></span> <span class='ocrx_word' id='word_1_223' title='bbox 848 3589 980 3653; x_wconf 89' lang='lat' dir='ltr'><strong>ecelesia</strong></span> <span class='ocrx_word' id='word_1_224' title='bbox 1005 3591 1109 3654; x_wconf 86' lang='lat' dir='ltr'><strong>sancti</strong></span> <span class='ocrx_word' id='word_1_225' title='bbox 1135 3591 1228 3654; x_wconf 88' lang='lat' dir='ltr'><strong>Pauli</strong></span> 
     </span>
     <span class='ocr_line' id='line_1_31' title="bbox 276 3692 1227 3776; baseline 0 -20"><span class='ocrx_word' id='word_1_226' title='bbox 276 3692 463 3756; x_wconf 84' lang='lat' dir='ltr'><strong>Londoniae.</strong></span> <span class='ocrx_word' id='word_1_227' title='bbox 509 3692 572 3755; x_wconf 91' lang='lat' dir='ltr'><strong>Per</strong></span> <span class='ocrx_word' id='word_1_228' title='bbox 586 3692 671 3756; x_wconf 93' lang='lat' dir='ltr'><strong>idem</strong></span> <span class='ocrx_word' id='word_1_229' title='bbox 687 3699 815 3776; x_wconf 89' lang='lat' dir='ltr'><strong>tempus</strong></span> <span class='ocrx_word' id='word_1_230' title='bbox 830 3693 865 3755; x_wconf 93' lang='lat' dir='ltr'><strong>in</strong></span> <span class='ocrx_word' id='word_1_231' title='bbox 880 3693 1016 3756; x_wconf 84' lang='lat' dir='ltr'><strong>Francia</strong></span> <span class='ocrx_word' id='word_1_232' title='bbox 1030 3699 1123 3758; x_wconf 87' lang='lat' dir='ltr'><strong>tanta</strong></span> <span class='ocrx_word' id='word_1_233' title='bbox 1138 3694 1227 3758; x_wconf 87' lang='lat' dir='ltr'><strong>sicci-</strong></span> 
     </span>
     <span class='ocr_line' id='line_1_32' title="bbox 274 3795 1237 3880; baseline 0.004 -22"><span class='ocrx_word' id='word_1_234' title='bbox 274 3804 325 3859; x_wconf 91' lang='lat' dir='ltr'><strong>tas</strong></span> <span class='ocrx_word' id='word_1_235' title='bbox 344 3796 417 3873; x_wconf 82' lang='lat' dir='ltr'><strong>fuit,</strong></span> <span class='ocrx_word' id='word_1_236' title='bbox 432 3804 470 3859; x_wconf 92' lang='lat' dir='ltr'><strong>ut</strong></span> <span class='ocrx_word' id='word_1_237' title='bbox 490 3795 635 3874; x_wconf 89' lang='lat' dir='ltr'><strong>flumina,</strong></span> <span class='ocrx_word' id='word_1_238' title='bbox 656 3796 757 3874; x_wconf 88' lang='lat' dir='ltr'><strong>lacus,</strong></span> <span class='ocrx_word' id='word_1_239' title='bbox 776 3798 891 3876; x_wconf 86' lang='lat' dir='ltr'><strong>fontes,</strong></span> <span class='ocrx_word' id='word_1_240' title='bbox 908 3803 941 3862; x_wconf 91' lang='lat' dir='ltr'><strong>et</strong></span> <span class='ocrx_word' id='word_1_241' title='bbox 961 3798 1051 3880; x_wconf 90' lang='lat' dir='ltr'><strong>putei</strong></span> <span class='ocrx_word' id='word_1_242' title='bbox 1071 3799 1237 3862; x_wconf 81' lang='lat' dir='ltr'><strong>siccaren··</strong></span> 
     </span>
     <span class='ocr_line' id='line_1_33' title="bbox 274 3894 1226 3983; baseline 0.004 -21"><span class='ocrx_word' id='word_1_243' title='bbox 274 3906 339 3962; x_wconf 91' lang='lat' dir='ltr'><strong>tur.</strong></span> <span class='ocrx_word' id='word_1_244' title='bbox 377 3899 469 3981; x_wconf 89' lang='lat' dir='ltr'><strong>Ignis</strong></span> <span class='ocrx_word' id='word_1_245' title='bbox 486 3894 622 3982; x_wconf 83' lang='lat' dir='ltr'><strong>quoque,</strong></span> <span class='ocrx_word' id='word_1_246' title='bbox 638 3899 692 3982; x_wconf 89' lang='lat' dir='ltr'><strong>qni</strong></span> <span class='ocrx_word' id='word_1_247' title='bbox 707 3920 764 3983; x_wconf 90' lang='lat' dir='ltr'><strong>per</strong></span> <span class='ocrx_word' id='word_1_248' title='bbox 778 3901 875 3964; x_wconf 87' lang='lat' dir='ltr'><strong>rimas</strong></span> <span class='ocrx_word' id='word_1_249' title='bbox 891 3907 1048 3964; x_wconf 86' lang='lat' dir='ltr'><strong>terrarum</strong></span> <span class='ocrx_word' id='word_1_250' title='bbox 1066 3903 1226 3969; x_wconf 82' lang='lat' dir='ltr'><strong>subintra-</strong></span> 
     </span>
     <span class='ocr_line' id='line_1_34' title="bbox 273 3999 1226 4083; baseline 0 -19"><span class='ocrx_word' id='word_1_251' title='bbox 273 4006 372 4078; x_wconf 80' lang='lat' dir='ltr'><strong>verat,</strong></span> <span class='ocrx_word' id='word_1_252' title='bbox 394 4021 453 4064; x_wconf 87' lang='lat' dir='ltr'><strong>neo</strong></span> <span class='ocrx_word' id='word_1_253' title='bbox 473 3999 640 4078; x_wconf 89' lang='lat' dir='ltr'><strong>imbribus,</strong></span> <span class='ocrx_word' id='word_1_254' title='bbox 661 4021 721 4063; x_wconf 90' lang='lat' dir='ltr'><strong>nec</strong></span> <span class='ocrx_word' id='word_1_255' title='bbox 740 4001 868 4083; x_wconf 83' lang='lat' dir='ltr'><strong>frigore,</strong></span> <span class='ocrx_word' id='word_1_256' title='bbox 884 4022 944 4064; x_wconf 90' lang='lat' dir='ltr'><strong>nec</strong></span> <span class='ocrx_word' id='word_1_257' title='bbox 964 4001 1026 4064; x_wconf 86' lang='lat' dir='ltr'><strong>alia</strong></span> <span class='ocrx_word' id='word_1_258' title='bbox 1042 4009 1126 4081; x_wconf 87' lang='lat' dir='ltr'><strong>arte,</strong></span> <span class='ocrx_word' id='word_1_259' title='bbox 1135 4002 1226 4066; x_wconf 91' lang='lat' dir='ltr'><strong>bien-</strong></span> 
     </span>
     <span class='ocr_line' id='line_1_35' title="bbox 273 4105 1225 4190; baseline -0.004 -18"><span class='ocrx_word' id='word_1_260' title='bbox 273 4109 328 4172; x_wconf 87' lang='lat' dir='ltr'><strong>nio</strong></span> <span class='ocrx_word' id='word_1_261' title='bbox 357 4107 504 4190; x_wconf 83' lang='lat' dir='ltr'><strong>extingui</strong></span> <span class='ocrx_word' id='word_1_262' title='bbox 532 4110 668 4189; x_wconf 90' lang='lat' dir='ltr'><strong>poterat.</strong></span> <span class='ocrx_word' id='word_1_263' title='bbox 723 4105 862 4168; x_wconf 87' lang='lat' dir='ltr'><strong>Romani</strong></span> <span class='ocrx_word' id='word_1_264' title='bbox 887 4112 1000 4169; x_wconf 89' lang='lat' dir='ltr'><strong>contra</strong></span> <span class='ocrx_word' id='word_1_265' title='bbox 1025 4107 1225 4170; x_wconf 87' lang='lat' dir='ltr'><strong>voluntatem</strong></span> 
     </span>
     <span class='ocr_line' id='line_1_36' title="bbox 273 4209 1224 4298; baseline -0.002 -23"><span class='ocrx_word' id='word_1_266' title='bbox 273 4211 459 4276; x_wconf 87' lang='lat' dir='ltr'><strong>Innocentii</strong></span> <span class='ocrx_word' id='word_1_267' title='bbox 473 4232 567 4294; x_wconf 85' lang='lat' dir='ltr'><strong>papae·</strong></span> <span class='ocrx_word' id='word_1_268' title='bbox 579 4215 728 4273; x_wconf 90' lang='lat' dir='ltr'><strong>senatum</strong></span> <span class='ocrx_word' id='word_1_269' title='bbox 742 4229 899 4298; x_wconf 51' lang='lat' dir='ltr'><strong>renovare⁸¹</strong></span> <span class='ocrx_word' id='word_1_270' title='bbox 909 4209 1016 4274; x_wconf 87' lang='lat' dir='ltr'><strong>conati</strong></span> <span class='ocrx_word' id='word_1_271' title='bbox 1033 4217 1119 4273; x_wconf 88' lang='lat' dir='ltr'><strong>sunt.</strong></span> <span class='ocrx_word' id='word_1_272' title='bbox 1151 4210 1224 4273; x_wconf 93' lang='lat' dir='ltr'><strong>Mo-</strong></span> 
     </span>
    </p>
   </div>
   <div class='ocr_carea' id='block_1_5' title="bbox 0 0 1610 5102">
    <p class='ocr_par' dir='ltr' id='par_1_6' title="bbox 0 0 1610 5102">
     <span class='ocr_line' id='line_1_37' title="bbox 0 0 1610 5102; baseline 0 4"><span class='ocrx_word' id='word_1_273' title='bbox 0 0 1610 5102; x_wconf 95' lang='lat' dir='ltr'><strong> </strong></span> 
     </span>
    </p>
   </div>
  </div>
 </body>
</html>
