3212 5102
328 575 392 639 156
625 593 824 638 onnoarcorv
841 593 977 638 aroma

321 715 478 791 tanquam
498 707 662 791 proximus
681 707 783 771 haeres
801 707 882 790 regii
900 705 1089 785 stemmatio,
1106 706 1143 771 in
1164 700 1296 792 regem*

324 810 440 874 Scotiae
454 818 625 875 coronatus
636 817 703 888 est,
718 810 905 892 homagium
916 811 1008 894 cujus
1018 831 1075 874 rex
1085 810 1274 891 Edwardus,

324 913 466 977 Sootiam
490 913 609 991 adiens,
633 913 764 996 recepit.
809 913 900 976 Obiit
921 913 1020 975 irater
1044 913 1211 977 Johannes
1234 913 1274 979 de

322 1016 495 1095 Peckham,
515 1015 555 1079 de
575 1015 687 1079 ordine
708 1015 846 1078 fratrum
868 1015 1041 1093 minorum
1065 1016 1273 1099 archiepisco-

321 1140 381 1200 pus
398 1117 640 1182 cantuariensis
648 1143 659 1197 3
681 1117 734 1181 cui
754 1118 905 1182 successit
925 1117 1102 1201 [Robertus
1124 1118 1164 1182 (16
1179 1119 1273 1183 Win-

321 1221 471 1303 chobaa]

364 1322 450 1387 Α.Ι).
468 1325 563 1387 1293.
608 1322 784 1387 Oonflictus
805 1344 943 1404 magnus
957 1323 1062 1387 factm
1077 1323 1176 1386 estin
1191 1323 1274 1387 mari

322 1425 408 1488 inter
433 1433 549 1489 nautas
574 1426 699 1508 Anglos
725 1432 758 1488 et
782 1425 1001 1504 Normamnos,
1025 1426 1273 1509 Normannique

322 1527 397 1591 victi
412 1534 498 1591 sunt.
526 1526 616 1592 Obiit
630 1527 812 1591 Willelmus
827 1526 867 1590 (16
882 1527 1066 1610 Littleport,
1081 1527 1168 1610 prior
1181 1529 1272 1611 Spal-

322 1629 450 1713 dingiae,
466 1630 647 1714 quistatim
661 1637 733 1712 post
748 1651 839 1693 suam
857 1630 1062 1708 creationem,
1078 1652 1164 1694 anno
1186 1632 1271 1694 vide-

320 1732 396 1796 licet
410 1733 503 1816 regni
517 1733 601 1815 regis
615 1732 773 1810 Edwardi,
788 1732 846 1794 filii
859 1733 943 1814 regis
958 1733 1103 1811 Hermai,
1116 1739 1215 1811 sexto,
1232 1733 1272 1797 de

321 1835 461 1899 Radulfo
490 1835 607 1899 abbate
631 1833 831 1917 Croylandiae
858 1835 963 1917 petiit,
992 1841 1030 1897 ut
1052 1835 1106 1919 jus
1132 1835 1272 1900 ecclesiae

321 1960 387 2002 suae
409 1939 449 2002 de
465 1937 662 2021 Spaldingia,
678 1943 809 2001 centum
831 1943 864 2000 et
883 1937 994 2001 decem
1016 1959 1105 2000 acras
1124 1937 1222 2017 bosci,
1237 1946 1270 2003 et

320 2040 407 2104 mille
433 2041 653 2123 septingentas
678 2045 711 2103 et
735 2039 901 2121 sexaginta
924 2060 1012 2102 acras
1034 2040 1172 2120 marisci,
1196 2062 1268 2105 cum

318 2143 531 2226 pertinentiis,
545 2143 582 2205 in
596 2141 821 2225 praecinctibus
836 2141 1047 2224 croylandiae,
1062 2149 1220 2226 tanquam
1234 2144 1270 2206 in

319 2245 476 2328 parochiis
492 2246 532 2308 de
547 2246 689 2324 Multon,
704 2246 849 2319 Weston,
866 2251 899 2308 et
921 2244 1118 2329 Spaldingia,
1137 2246 1177 2309 de
1199 2247 1269 2329 qui-
1381 2259 1384 2266 '

318 2347 379 2412 bus
394 2349 524 2431 quidem
532 2348 796 2430 Wazinus,.prior
808 2347 942 2422 dativus,
954 2348 1166 2430 praedecessor
1181 2371 1268 2436 suus,

317 2451 379 2513 fuit
394 2451 539 2528 saisitus3
556 2471 653 2533 quem
667 2451 799 2533 quidem
814 2471 987 2514 numerum
998 2471 1146 2514 acrarum
1157 2474 1269 2536 supra·

317 2553 448 2630 dictum,
467 2558 717 2635 pertractatum
739 2553 937 2636 diligentem,
957 2559 990 2616 et
1013 2554 1064 2616 sui
1081 2555 1269 2618 monasterii

316 2655 521 2721 commodum
535 2655 730 2718 immensum
745 2662 777 2719 et
793 2657 944 2739 quietem,
959 2677 1017 2739 pro
1033 2657 1217 2740 quingentis
1233 2664 1266 2722 et
1352 2675 1355 2678 ’

317 2758 552 2842 quinquaginta
573 2758 688 2821 marcis
710 2759 955 2842 Sterlingorum,
977 2765 1010 2822 et
1029 2761 1216 2824 remissione
1235 2768 1268 2827 et

315 2862 511 2926 relaxatione
525 2861 621 2924 unius
639 2862 812 2944 messuagii
826 2868 859 2925 et
874 2861 971 2925 unius
993 2871 1151 2928 carucatae
1171 2871 1267 2928 terrae

315 2966 352 3030 in
377 2965 573 3050 Spaldingia,
598 2985 634 3028 ao
657 2964 825 3029 duodecim
849 2986 936 3029 acras
955 2972 1050 3030 terrae
1072 2988 1146 3031 cum
1168 2967 1267 3051 perti·

316 3069 436 3134 neutiis
457 3069 494 3134 in
507 3069 690 3147 Wiberton,
707 3089 785 3150 quas
808 3067 913 3131 dictus
937 3067 1035 3132 abbas
1056 3091 1164 3133 versus
1186 3091 1266 3134 eun-

316 3174 391 3238 dem
404 3175 605 3238 Willelmum
619 3173 758 3257 priorem
772 3173 874 3256 petiit,
890 3181 1045 3255 tanquam
1057 3174 1111 3256 jus
1126 3173 1267 3238 ecclesiae

318 3299 385 3342 suae
399 3278 439 3342 de
451 3277 651 3361 Croylandia,
661 3297 719 3360 per
730 3277 891 3358 quandam
902 3276 1105 3340 concordiam
1120 3283 1153 3339 et
1167 3277 1266 3340 finem

314 3381 391 3446 inde
405 3382 547 3445 levatum
561 3381 692 3463 praefato
708 3379 817 3443 abbati
835 3386 867 3442 et
889 3379 954 3442 suis
972 3379 1215 3458 successoribus,
1230 3381 1266 3443 in

313 3488 505 3565 perpetuum
519 3479 690 3544 relaxavit:
713 3501 789 3543 cum
804 3501 866 3562 qua
888 3478 986 3542 etiam
1005 3479 1143 3562 pecunia
1165 3480 1264 3543 ecole-

315 3585 396 3646 siam
412 3605 502 3646 suam
518 3582 763 3646 conventualem
777 3581 818 3645 ad
833 3582 895 3644 Dei
909 3580 1039 3644 laudem
1060 3581 1193 3645 mirifice
1214 3583 1264 3646 in-

315 3685 443 3750 choavit
469 3694 501 3751 et
527 3685 706 3748 construxit
716 3711 726 3762 ;
750 3684 943 3768 donavitque
966 3684 1095 3748 fabricae
1120 3685 1265 3768 ejusdem

204 3842 205 3846 ,
315 3787 455 3853 ecclesiae
469 3787 671 3870 perficiendae
685 3788 841 3852 decimam
855 3787 914 3849 lini
934 3793 966 3850 et
986 3788 1069 3850 lanae
1083 3787 1123 3850 de
1137 3788 1265 3870 Pynch-

315 3892 407 3970 beck,
424 3912 502 3974 quas
518 3912 537 3953 a
552 3890 681 3954 domino
703 3912 794 3974 papa,
815 3912 873 3954 sua
894 3891 1021 3973 propria
1040 3890 1209 3970 industria,
1229 3891 1265 3954 in

316 4001 527 4081 augmentum
555 3993 710 4078 portionis
747 4016 812 4058 suae
848 3993 1041 4077 praehabitae,
1071 3994 1264 4077 impetravit.

315 4099 455 4165 Donavit
485 4096 583 4162 etiam
612 4096 740 4162 fabricae
769 4095 912 4180 ejusdem
938 4096 1078 4160 ecclesiae
1107 4096 1265 4160 decimam
1322 4154 1326 4161 .

314 4202 398 4266 lanae
427 4200 466 4264 (16
489 4201 635 4264 Weston.
689 4199 864 4282 Postquam
887 4196 1006 4262 dictam
1036 4198 1201 4262 ecclesiam
1224 4197 1264 4266 de
