3226 5100
392 607 434 670 18
691 623 890 668 cunourcou
907 625 1043 670 susurru

386 767 530 831 peorum,
553 751 586 809 et
608 751 722 808 contra
742 743 930 808 violentiam
952 743 1099 827 equitum
1121 742 1346 808 densissimam

388 849 489 915 aciem
514 849 709 925 lancearum,
737 869 849 912 omues
875 848 996 931 optime
1025 847 1177 911 instructi
1207 870 1226 911 a
1255 847 1345 911 duci·

388 953 450 1018 bus
477 953 552 1032 suis,
575 960 646 1017 tota
669 952 721 1016 die
745 953 884 1016 statione
903 951 1063 1016 immobili
1086 952 1344 1034 praetendebaut.

390 1056 566 1140 Quumque
590 1056 635 1120 sic
657 1055 770 1119 invicti
793 1076 896 1138 usque
919 1055 961 1118 ad
984 1076 1149 1137 vesperam
1174 1055 1346 1138 perduras-

390 1166 473 1236 sent,
490 1167 522 1223 et
539 1159 793 1222 adversariorum
813 1157 970 1240 sagittarii
990 1157 1056 1220 tela
1076 1179 1134 1220 sua
1152 1157 1190 1221 iu
1209 1179 1347 1222 vacuum

388 1262 612 1346 perdidissent,
622 1262 810 1345 equitesque
821 1261 890 1344 jam
901 1261 1000 1343 longo
1014 1260 1125 1324 labore
1135 1261 1256 1338 lassati,
1268 1261 1345 1325 defi-

390 1385 463 1429 cere
479 1364 670 1448 inciperent,
685 1363 814 1427 barbari
829 1384 868 1427 ex
883 1363 1031 1427 condicto
1045 1363 1158 1446 fugam
1172 1363 1345 1446 fingentes,

391 1488 541 1552 campum
562 1468 744 1551 relinquere
763 1473 948 1550 coeperunt,
973 1466 1058 1550 quod
1076 1466 1221 1530 videntes
1237 1467 1345 1531 Chris-

390 1571 483 1650 tiani,
499 1571 635 1634 ducibus
651 1572 717 1634 suis
730 1570 849 1648 invitis,
866 1590 903 1633 ac
918 1569 1058 1634 multum
1073 1569 1343 1650 dissuadentibus,

392 1673 495 1739 aciem
513 1696 605 1739 suam
620 1674 808 1749 dissolvunt,
825 1680 857 1736 et
877 1671 1098 1756 persequendo
1119 1694 1262 1756 paganos
1282 1672 1345 1737 dis-

390 1778 476 1862 persi
495 1799 553 1861 per
572 1778 751 1861 planitiem,
767 1777 837 1841 sine
852 1777 965 1840 ordine
985 1776 1170 1861 ducumque
1189 1777 1345 1855 custodia,

391 1881 580 1945 dividuntur
590 1906 600 1959 3
635 1886 835 1945 revertentes
872 1887 983 1944 autem
1018 1879 1157 1958 barbari,
1187 1887 1344 1964 tanquam

390 1985 500 2048 leones
525 1983 560 2046 in
585 2004 703 2066 paucas
730 1983 869 2047 oviculas
893 2004 953 2065 pro
978 1982 1072 2047 libito
1096 1983 1345 2048 debacchantur.

393 2085 643 2150 strenuissimus
659 2106 766 2149 comes
780 2087 931 2167 Algarus,
946 2086 1246 2170 praeclarissimique
1262 2087 1345 2151 mili·

392 2196 442 2253 tes
462 2188 618 2272 praedicti,
639 2194 672 2253 et
691 2188 791 2251 frater
811 2187 931 2266 Tolius,
951 2188 986 2250 iu
1007 2188 1146 2270 quodam
1168 2191 1272 2273 campi
1293 2197 1346 2254 tu-

390 2291 481 2357 mulo
498 2298 614 2355 caetera
635 2290 769 2374 planitie
790 2290 1027 2373 aliquantulum
1048 2290 1161 2354 altiore
1180 2291 1216 2354 in
1235 2293 1346 2357 orbem

391 2395 540 2474 conserti,
560 2394 713 2460 barbaros
733 2393 906 2458 arietantes
929 2393 1107 2457 diutissime
1130 2395 1345 2462 sustinebant.

392 2499 568 2582 Quumque
582 2498 733 2582 praefatus
748 2518 854 2561 comes
869 2497 1114 2578 illustrissimus,
1130 2505 1164 2562 et
1180 2499 1216 2562 in
1229 2521 1342 2584 perpe-

389 2608 487 2666 tuum
501 2600 718 2667 nominandus
733 2600 883 2682 Algarus,
898 2601 1107 2685 praetactique
1123 2602 1219 2666 duces
1233 2603 1345 2668 robus-

391 2705 518 2786 tissimi,
534 2726 646 2770 0mnes
660 2703 810 2769 robustos
828 2703 879 2767 sui
898 2705 1056 2769 exercitus
1071 2706 1221 2771 cecidisse
1236 2728 1345 2772 oerne-

390 2815 476 2887 reut,
490 2811 527 2873 iu
542 2809 813 2873 confertissimum
828 2802 996 2872 cum'ulum
1010 2830 1180 2892 corporum
1191 2811 1345 2875 Christia·

391 2935 509 2978 norum
524 2913 621 2976 simul
635 2917 851 2994 erumpentes,
865 2911 976 2995 ibique
990 2933 1048 2996 pro
1063 2913 1194 2992 viribus,
1210 2914 1345 2997 quicun-

393 3037 456 3101 que
471 3015 663 3095 accessisset,
676 3036 772 3078 suum
787 3015 978 3097 sanguinem
988 3016 1197 3096 vindicantes,
1213 3018 1346 3082 taudem

391 3119 570 3186 innumeris
586 3118 724 3184 confossi
737 3118 924 3182 vulneribus
944 3140 1039 3203 super
1058 3120 1196 3184 fratrum
1213 3142 1346 3185 suorum

392 3224 548 3290 caderem
561 3229 763 3288 corruerunt.
804 3222 904 3287 Pauci
915 3223 1050 3307 juvenes
1065 3223 1105 3287 de
1122 3225 1243 3289 Sutton
1257 3231 1290 3289 et
1306 3224 1346 3289 de

395 3329 541 3414 Gedney,
560 3327 712 3413 projectis
732 3326 840 3405 armis,
854 3326 891 3391 in
904 3326 1042 3392 vicinam
1062 3327 1184 3412 sylvam
1202 3327 1255 3392 vix
1275 3349 1346 3392 eva·

392 3433 516 3512 dentes,
526 3431 673 3516 proxima
679 3437 776 3496 nocte
787 3431 934 3514 sequenti
942 3431 1106 3516 Croyland
1114 3431 1259 3514 ingressi,
1265 3438 1345 3496 stra·

394 3559 468 3620 gem
480 3536 748 3614 Christianorum,
759 3542 792 3599 et
804 3535 912 3600 fratris
923 3535 1015 3613 Tolii,
1026 3535 1191 3619 totiusque
1206 3535 1345 3600 cohortis

393 3661 460 3703 suae
469 3639 735 3716 internecionem,
747 3636 827 3701 dum
841 3637 940 3701 abbas
954 3638 1152 3717 Theodorus,
1163 3646 1196 3703 et
1208 3660 1345 3704 couven-

392 3747 447 3806 tus
467 3762 543 3804 suus
563 3761 636 3804 suas
646 3739 770 3823 vigilias
783 3739 960 3804 matutinas
973 3742 1200 3823 persolverent,
1216 3742 1346 3824 lugubri

394 3865 432 3909 ac
445 3843 644 3928 lacrymabili
658 3844 782 3927 ejulatu
796 3841 837 3906 ad
851 3843 971 3908 ostium
982 3844 1123 3910 ecclesiae
1134 3847 1344 3911 nunciabant.

437 3946 573 4013 Cunctis
591 3946 701 4030 itaque
721 3944 902 4010 denuncio
921 3947 1071 4028 confusis,
1091 3949 1190 4014 abbas
1209 3949 1345 4015 retentis

393 4072 503 4120 secum
520 4050 699 4116 senioribus
713 4050 879 4115 monachis
897 4058 931 4116 et
948 4052 1058 4135 paucis
1072 4052 1252 4118 infantibus
1270 4052 1345 4136 (for-

392 4156 479 4221 sitan
492 4155 622 4220 illorum
636 4153 839 4219 imbecillitas
858 4154 900 4218 ad
917 4155 1072 4239 pietatem
1086 4155 1240 4222 barbaros
1254 4156 1345 4222 incli-

391 4261 496 4344 naret)
513 4282 581 4326 nou
595 4259 740 4325 recolens
754 4257 836 4323 illud
849 4259 1022 4344 poeticum,
1035 4277 1039 4283 ·
