3218 5098
635 579 925 650 rarnrnuionusu.
1214 588 1258 652 39

298 724 396 802 gatur
420 717 582 784 Kenulfus
609 717 708 786 abbas
731 718 853 804 Burgi3
890 718 944 783 cui
967 719 1120 788 successit
1144 719 1253 788 Eleius

297 820 396 888 abbas
418 821 534 886 tertius
553 827 626 906 post
644 821 923 887 restaurationem.
969 811 1038 888 1111
1057 823 1190 888 veniens
1212 824 1254 890 ad

296 925 529 990 monasterium
551 926 656 988 sancti
679 924 860 990 Florentini
881 924 921 988 de
945 926 1127 1006 Bonevalle,
1150 948 1252 1011 quum

295 1033 382 1092 terra
417 1028 474 1094 illa
502 1026 643 1094 maxima
677 1027 763 1092 fame
791 1027 962 1106 laboraret,
992 1034 1100 1094 totum
1135 1049 1251 1114 corpus

295 1131 399 1196 sancti
421 1130 611 1210 Florentini,
634 1138 767 1215 excepto
790 1131 904 1215 eapite,
923 1153 982 1215 pro
1003 1138 1136 1196 centum
1159 1132 1250 1198 libris

295 1235 422 1318 argenti
447 1235 537 1314 emit,
562 1241 595 1299 11
618 1234 660 1300 ad
681 1235 849 1300 ecclesiam
874 1256 976 1314 suam,
1000 1235 1121 1301 scilicet
1144 1235 1250 1320 Burgi

295 1339 399 1403 sancti
424 1339 523 1418 Petri,
550 1359 659 1404 secum
689 1338 879 1423 apportavit.
933 1339 1021 1406 Daui
1045 1359 1121 1404 eum
1146 1340 1248 1405 classe

191 1469 195 1478 ·
294 1441 448 1525 Angliam
461 1447 624 1528 repetunt,
641 1441 722 1506 doce
739 1441 859 1506 Suano.

336 1545 421 1610 Ar).
439 1547 534 1611 1007.
579 1543 683 1610 Dauis
704 1543 865 1608 tributum
887 1543 1024 1628 triginta
1042 1549 1075 1608 11
1097 1565 1153 1608 sex
1174 1545 1246 1608 mil-

293 1647 374 1724 lium
387 1647 542 1712 librarum
557 1646 662 1712 datur.
706 1647 843 1710 Edricus
858 1647 966 1726 etiam,
982 1647 1126 1730 quamvis
1149 1669 1249 1731 gener

291 1751 387 1834 regis,
404 1751 549 1834 proditor
567 1756 679 1816 tamen
701 1750 771 1834 ejus
790 1749 1049 1830 nefandissimus,
1069 1750 1136 1816 dux
1158 1752 1247 1816 Mer-

293 1857 416 1922 ciorum
430 1857 609 1924 estractus.
1110 1935 1112 1940 ,

334 1962 420 2026 A.D.
449 1963 544 2026 1008.
600 1961 670 2025 Rex
698 1959 893 2025 Ethelredus
922 1981 1018 2024 naves
1056 1981 1113 2044 per
1141 1966 1246 2025 totam

290 2063 444 2146 Angliam
459 2065 585 2129 intente
598 2062 748 2129 fabricari
765 2062 851 2142 fecit,
868 2069 906 2127 ut
920 2063 1014 2146 regni
1031 2063 1081 2128 sui
1098 2065 1180 2129 fines
1202 2064 1243 2128 ab

290 2174 473 2234 exterorum
486 2166 652 2232 invasione
667 2166 863 2232 defenderet.

333 2271 419 2334 A.D.
437 2273 531 2335 1009.
568 2269 732 2336 Turkillus
747 2270 862 2335 Dauus
876 2289 952 2334 cum
967 2291 1086 2354 magno
1101 2270 1244 2335 exercitu

290 2373 462 2458 applicuit3
486 2373 542 2438 sed
557 2395 576 2438 a
591 2372 793 2438 Cantuaricis
812 2372 901 2436 mille
920 2371 1019 2437 libras
1039 2395 1097 2457 pro
1117 2373 1242 2439 tributo

288 2476 412 2560 accipit.
716 2479 719 2485 ’

328 2582 414 2645 A.D.
433 2583 527 2646 1010.
565 2580 653 2646 Dani
670 2586 791 2644 terram
805 2578 935 2663 Angiiae
950 2585 1079 2645 vastant
1095 2587 1128 2646 11
1143 2581 1240 2665 depo-

286 2684 442 2768 pulantur
457 2684 498 2748 ad
512 2683 652 2750 libitum.

329 2788 414 2852 A.D.
432 2789 528 2851 1011.
560 2787 649 2853 Dani
663 2784 839 2851 Cautuaria
852 2790 947 2869 capta
960 2784 1121 2850 horrenda
1134 2785 1240 2851 relatu

285 2896 482 2974 perpetrant,
508 2911 576 2955 non
605 2889 703 2968 sexui,
727 2909 794 2954 non
824 2888 1016 2966 aetatium
1040 2887 1148 2958 ordini
1177 2909 1238 2954 neo

286 2993 495 3058 sacrosanctis
510 2994 587 3059 locis
608 2998 786 3078 parcentes.
832 2991 967 3074 Capitur
982 2989 1238 3075 archiepiscopus

284 3097 428 3180 Elsegus,
451 3097 611 3162 Roffensis
633 3096 799 3181 episcopus
824 3095 1019 3173 Godvvinus3
1048 3093 1181 3158 abbates
1203 3099 1237 3158 et

284 3199 462 3278 abbatissa,
478 3199 637 3278 monachi,
649 3199 806 3278 mulieres,
819 3204 852 3262 et
866 3198 1007 3262 infantes
1023 3197 1235 3276 decimantur,

283 3301 318 3366 id
339 3310 398 3380 est,
418 3324 533 3367 novem
555 3302 675 3381 occisis,
691 3301 833 3367 decimus
852 3302 927 3364 vitae
947 3299 1073 3364 miserae
1094 3320 1234 3364 reserva-

283 3410 347 3471 tur.
384 3405 464 3470 Dira
478 3406 583 3470 clades
599 3427 638 3470 ex
653 3406 752 3490 digna
767 3405 830 3469 Dei
846 3403 971 3468 ultione
985 3402 1021 3466 in
1036 3403 1146 3466 Danos
1161 3402 1232 3467 illos

284 3509 423 3574 desaevit.
913 3515 914 3518 ’

328 3613 456 3679 Sanctae
471 3614 726 3680 Resmrectionis
746 3613 879 3679 ecclesia
897 3614 919 3677 J
920 3610 1115 3696 erosolymis,
1131 3612 1231 3696 impe·

282 3726 375 3784 rante
398 3720 524 3803 Equen,
549 3719 685 3803 Caiipha
707 3718 873 3803 AEgyptio,
898 3739 973 3782 cum
999 3715 1069 3780 aliis
1093 3716 1234 3782 ecclesiis

283 3823 470 3888 destruitur.
517 3823 590 3887 Hoc
611 3822 709 3887 etiam
728 3827 873 3907 tempore
892 3820 974 3885 illud
993 3819 1139 3884 mirabile
1157 3841 1232 3884 con-

280 3927 356 4010 tigit
375 3927 411 3989 in
433 3926 591 3992 Saxonia:
614 3932 709 3990 nocte
728 3925 846 3990 natalis
865 3923 1009 4002 Domini,
1026 3944 1126 4006 quum
1145 3944 1232 4005 pres·

279 4029 374 4114 byter
389 4031 530 4114 quidam,
546 4029 678 4094 nomine
693 4029 865 4106 liebertus,
881 4028 1019 4112 primam
1033 4027 1164 4090 missam
1181 4027 1232 4089 in-

280 4133 420 4212 choaret,
437 4133 621 4217 quindecim
638 4133 772 4216 juvenes
792 4139 826 4196 et
845 4138 911 4195 tres
931 4127 1232 4195 adolescentulam

279 4237 462 4302 coemeterio
485 4237 633 4302 choream
656 4236 809 4302 ducentes
831 4233 1056 4318 presbyterum
1077 4230 1231 4315 impedie-
