3218 5098
385 681 429 744 54
683 699 880 744 cnuorucon
898 699 1033 744 anama

384 837 499 900 regum
522 817 713 899 Anglorum,
738 816 774 879 in
796 815 927 881 ecclesia
949 815 1037 881 beati
1060 817 1150 881 Petri
1173 819 1334 884 Westmo·

384 921 526 998 nasterii,
551 943 646 1004 quam
677 943 696 984 a
724 920 945 984 fundamentis
970 921 1089 985 fecerat
1115 922 1194 1000 fieri,
1219 923 1335 988 deinde

384 1023 533 1103 dedicari,
549 1025 669 1088 honore
693 1025 782 1107 regio
806 1025 949 1108 sepultus
974 1031 1032 1088 est.
1078 1025 1165 1089 Laus
1185 1025 1336 1090 Edwardi

383 1128 467 1211 regis
493 1136 526 1192 et
555 1128 743 1192 confessoris
769 1127 809 1191 ab
832 1128 953 1192 Alredo
977 1127 1093 1192 abbate
1113 1135 1146 1192 et
1168 1130 1335 1194 Willelmo

339 1299 344 1308 ,
384 1232 675 1296 Malmesburiensi.
737 1231 895 1294 Successit
928 1231 964 1294 in
1000 1251 1138 1314 regnum
1171 1233 1335 1297 Haroldus

383 1336 449 1399 dux
462 1335 722 1412 Westsaxonum‚
737 1334 822 1398 filius
842 1333 999 1412 Godwini,
1015 1333 1051 1397 in
1071 1335 1211 1399 crastino
1226 1335 1335 1401 obitus

381 1439 476 1521 rogis,
487 1438 522 1502 id
536 1445 595 1516 est,
607 1438 643 1501 in
654 1437 705 1501 die
714 1436 903 1520 Epiphaniae
914 1437 998 1520 apud
1008 1437 1335 1502 Westmonasterium

383 1549 572 1618 coronatus;
595 1559 655 1604 nec
680 1541 820 1603 multum
845 1546 918 1623 post
944 1561 1010 1618 rex,
1036 1547 1147 1605 coacto
1174 1543 1210 1605 in
1231 1564 1335 1606 unum

384 1649 527 1714 exercitu
549 1648 732 1727 fortissimo,
753 1669 863 1712 versus
883 1647 1066 1713 Eboracum
1091 1657 1204 1714 contra
1219 1648 1335 1713 Harol-

384 1752 462 1817 dum
482 1752 661 1834 Norwegiae
676 1773 795 1835 regem,
811 1752 944 1816 fratrem
969 1754 1072 1817 sancti
1088 1754 1190 1832 olavi,
1207 1762 1239 1817 st
1259 1755 1335 1818 'los-

382 1857 465 1919 tium
481 1855 642 1934 comitem,
659 1853 868 1918 dimicaturus
883 1855 1023 1920 festinat.
1070 1856 1138 1941 Ipsi
1154 1858 1241 1920 enim
1261 1877 1336 1920 cum
1422 1896 1426 1901 ·
1535 1871 1542 1878 '

381 1960 535 2023 trecentis
551 1966 584 2023 et
599 1959 766 2041 sexaginta
783 1959 928 2035 navibus,
945 1967 1032 2023 terra
1051 1959 1337 2024 'Pranshumhrana

381 2063 582 2146 depopulata,
596 2062 675 2125 duos
691 2084 870 2144 germanos,
881 2063 1053 2127 Edwinum
1069 2070 1102 2127 et
1113 2064 1335 2143 Morcardum,

380 2167 466 2230 infra
484 2167 665 2230 Eboracum
690 2165 900 2230 obsidebant:
924 2167 994 2251 regi
1018 2189 1104 2251 crgo,
1121 2168 1233 2232 relicta
1253 2167 1336 2232 ohsi-

381 2270 485 2348 dione,
511 2271 619 2333 hostes
649 2278 841 2348 occurrunt3
875 2291 986 2354 pugna
1012 2271 1128 2354 ingens
1154 2271 1335 2350 commissa,

382 2374 527 2456 utrisque
542 2380 685 2437 extrema
696 2373 888 2453 nitentibus,
899 2375 999 2457 Angli
1010 2375 1143 2438 tandem
1159 2374 1337 2458 superiores

383 2478 470 2555 facti,
494 2477 740 2560 Norwegienses
766 2477 801 2540 in
825 2477 935 2558 fugam
960 2483 1108 2558 egerunt,
1131 2476 1216 2561 apud
1241 2477 1337 2540 Stan-

382 2580 588 2664 fordbrygge.
635 2579 798 2644 Haroldus
825 2588 858 2643 et
881 2579 1009 2644 'Postius
1032 2579 1068 2643 in
1094 2581 1163 2664 ipsa
1185 2580 1264 2663 fuga
1287 2581 1338 2643 in·

383 2684 545 2766 terempti.
584 2683 682 2766 Regis
697 2683 783 2747 filius
798 2703 872 2746 cum
889 2682 1039 2747 omnibus
1054 2682 1190 2748 navibus
1206 2683 1338 2746 domum

384 2786 559 2850 clementer
583 2787 735 2850 remissus
760 2793 819 2849 est.
867 2786 1031 2851 Haroldus
1055 2793 1148 2850 tanto
1171 2785 1337 2869 triumpho

383 2888 496 2968 elatus,
519 2889 609 2952 nulla
630 2895 720 2972 parte
747 2888 848 2953 socios
875 2889 1027 2972 dignatus
1053 2895 1120 2966 est3
1145 2895 1338 2972 quapropter

327 3067 329 3070 ¹
383 2995 526 3058 exercitu
541 2993 679 3077 delapso,
695 2993 912 3077 nunciatoque
928 2993 1070 3057 adventu
1085 2991 1241 3055 Willelmi
1251 2992 1336 3056 Nor·

382 3098 505 3178 manni,
529 3097 614 3161 solus
637 3101 754 3180 praeter
776 3094 1000 3180 stipendiarios
1022 3114 1140 3177 paucos
1161 3100 1194 3156 et
1215 3112 1336 3156 merce·

383 3202 490 3266 narios
506 3201 547 3265 ad
563 3199 740 3282 Hastingas
751 3198 826 3262 fatis
842 3215 1222 3282 praeproperanapaucos
1236 3195 1283 3259 ibi
1298 3216 1337 3258 ex

383 3303 630 3388 provincialibus
649 3301 782 3380 habens,
798 3307 871 3384 post
891 3321 1006 3364 novem
1024 3319 1152 3364 menses
1167 3307 1200 3363 et
1215 3299 1336 3382 aliquot

382 3407 448 3471 dies
472 3407 565 3490 regni
588 3406 678 3470 fusus
704 3412 772 3483 est3
798 3404 879 3468 miro
901 3403 964 3468 Dei
985 3403 1116 3488 judicio,
1140 3403 1226 3486 quod
1249 3424 1335 3465 nun·

382 3532 479 3594 quam
504 3516 615 3593 postea
640 3507 740 3589 Angli
765 3506 930 3570 communi
954 3505 1068 3588 proelio
1090 3505 1127 3568 in
1151 3505 1336 3569 libertatem

381 3615 591 3698 spiraverunt.
635 3609 749 3673 Idibus
764 3607 913 3673 Octobris
929 3607 981 3671 die
997 3606 1122 3671 sabbati
1136 3607 1197 3671 hoc
1212 3607 1336 3671 bellum

382 3723 548 3799 peractum
574 3719 623 3776 est
649 3712 733 3795 apud
760 3711 947 3793 Hastingas,
971 3711 1008 3773 in
1036 3732 1099 3793 quo
1128 3710 1198 3774 loco
1226 3717 1338 3793 postea

382 3817 505 3882 celebre
527 3814 758 3880 monasterium
779 3833 837 3896 pro
855 3814 970 3878 animis
984 3813 1030 3877 ibi
1045 3813 1235 3891 occisorum,
1252 3810 1338 3896 quod

383 3919 488 3982 adhuc
517 3919 557 3982 de
588 3916 680 3980 Bello
708 3921 849 3995 vocatur,
877 3917 1078 4000 Conquestor
1107 3915 1149 3980 ad
1182 3916 1338 3979 honorem

383 4021 487 4085 sancti
509 4020 647 4084 Martini
676 4018 843 4083 aedificavit
867 4041 886 4082 a
908 4019 1128 4084 fundamentis
1154 4027 1187 4083 ct
1213 4017 1337 4082 ditavit.

383 4125 457 4208 Ipse
473 4123 512 4188 ab
527 4123 669 4186 Aldredo
684 4122 920 4208 archiepiscopo
935 4123 1130 4188 Eboraceusi
1150 4123 1237 4208 apud
1251 4124 1338 4187 Lon-

385 4228 497 4293 donias
522 4247 596 4290 cum
619 4225 759 4290 maximo
781 4226 902 4291 honore
925 4234 1100 4310 susceptus,
1122 4234 1154 4291 et
1177 4227 1214 4290 in
1238 4226 1340 4290 natali

384 4333 517 4397 Domini
532 4339 701 4396 coronatus
716 4336 765 4394 est
773 4357 782 4409 3
799 4352 914 4395 cavens
924 4331 1087 4395 unctionis
1102 4336 1339 4395 sacramentum
