3216 5104
634 637 924 681 rururnuuouusu.
1190 621 1250 682 121

488 807 580 869 REX
603 807 840 871 HENRICUS
864 756 1068 870 TERTIUS.

344 963 429 1026 Ab.
448 965 542 1027 1217.
581 961 822 1025 Praevalucrrmt
838 963 960 1045 regales
980 967 1093 1025 contra
1115 962 1254 1026 Ludovi·
1359 928 1372 946 ⁶

301 1086 386 1142 cum,
413 1085 451 1127 eo
477 1064 563 1147 quod
589 1065 714 1142 Franci,
740 1063 894 1147 quicum
924 1065 979 1128 illo
1005 1071 1108 1142 erant,
1135 1055 1254 1128 terrem

302 1167 455 1232 radicitus
470 1167 684 1245 devorabant,
707 1168 794 1231 unde
810 1167 906 1230 corda
923 1168 1032 1251 populi
1053 1175 1165 1232 contra
1184 1169 1254 1232 illos

302 1270 443 1334 maxime
462 1276 720 1351 provocaverant.
766 1268 863 1352 Apud
885 1270 1087 1334 lincolniam
1110 1271 1255 1334 cominus

301 1379 482 1458 pugnatum
503 1378 562 1449 est,
583 1373 640 1436 ubi
660 1393 765 1435 comes
782 1372 974 1436 Porticensis
989 1394 1089 1435 caesus
1106 1380 1164 1449 est,
1181 1395 1254 1436 cum

301 1477 413 1540 multis
436 1475 516 1539 aliis.
563 1474 678 1538 Comes
701 1475 888 1553 Wintoniae,
913 1496 1019 1538 comes
1045 1475 1254 1555 Herefordiae,

302 1601 408 1644 comes
429 1578 619 1656 Norfolkiae,
642 1585 674 1640 et
698 1578 859 1642 Robertus
881 1579 965 1641 filius
985 1579 1131 1656 Walteri,
1155 1579 1254 1642 totius

303 1683 461 1748 exercitus
486 1682 654 1766 capitanei,
680 1681 870 1764 capiuntur,
894 1682 999 1744 caeteri
1023 1681 1103 1744 nudi
1126 1682 1254 1746 Londo-

302 1781 390 1851 niam
411 1787 577 1869 fugerunt.
624 1785 741 1848 Postea
762 1785 874 1847 navale
896 1784 1017 1848 bellum
1038 1786 1161 1868 regales
1180 1807 1254 1849 cum

302 1910 384 1952 novo
407 1887 549 1952 exercitu
571 1887 725 1950 Ludovici
747 1886 996 1964 committentes,
1019 1887 1151 1950 victores
1175 1887 1254 1950 exis-

302 1999 388 2055 tunt.
433 1991 627 2054 Eustachius
654 1991 684 2053 le
708 1979 840 2074 Moyne,
865 1989 969 2073 pirata
995 1997 1156 2069 cruentus,
1181 2012 1255 2054 cum

303 2096 415 2159 multis
439 2095 518 2173 aliis,
542 2094 742 2158 occiduntur.
789 2093 933 2157 Tandem
956 2093 1041 2156 inter
1063 2101 1170 2177 partes
1193 2116 1255 2178 pax

302 2198 389 2262 facta
410 2205 468 2276 est,
492 2204 683 2281 procurante
695 2197 941 2281 'archiepiscopo
966 2197 1201 2281 Stringonemi,
1222 2205 1255 2262 et

304 2302 474 2366 abbatibus
493 2302 699 2366 Cisterciensi
718 2310 751 2365 et
771 2302 1007 2380 Clarevallensi,
1024 2302 1079 2385 qui
1101 2302 1254 2366 mediato-

302 2426 353 2468 res
371 2412 536 2483 venerant,
555 2412 593 2469 ut
614 2426 726 2487 pacem
748 2405 933 2468 formarent.
979 2406 1099 2468 Pacata
1119 2405 1256 2488 pecunia

303 2509 475 2587 Ludovico,
499 2509 630 2572 nomine
654 2529 875 2592 expensarum,
892 2530 970 2591 quas
992 2507 1150 2572 veniendo
1171 2509 1253 2573 fece-

302 2618 364 2691 rat,
376 2610 540 2675 absolutus
556 2619 625 2675 est:
648 2611 781 2675 redditis
797 2609 945 2674 omnibus
960 2609 1206 2689 munitionibus,
1222 2621 1256 2674 ct

304 2715 370 2779 suis
385 2714 516 2798 captivis
530 2714 677 2798 receptis,
689 2713 822 2777 tandem
838 2735 912 2777 cum
926 2735 1004 2796 pace
1019 2713 1158 2777 recessit.
1187 2715 1256 2776 Rex
1279 2753 1285 2764 ·

304 2818 483 2882 londoniae
496 2817 640 2882 hominia
655 2825 688 2881 et
702 2817 872 2881 fidelitates
886 2817 1015 2900 recepit.
1062 2817 1153 2880 Obiit
1169 2817 1265 2881 Otho

303 2921 476 3005 imperator
487 2947 496 2998 3
529 2921 582 2984 cui
606 2920 757 2984 successit
781 2919 967 2985 Fredericus
994 2919 1040 2982 II.
1091 2920 1257 2983 Honorius

303 3046 386 3108 papa
397 3023 542 3087 ordinem
553 3023 690 3086 fratrum
705 3023 950 3107 praedicatorum
962 3023 1147 3086 confirmat:
1165 3043 1255 3086 sauc-

304 3133 376 3190 tum
391 3127 489 3190 etiam
507 3127 681 3208 Hugonem
696 3124 956 3189 lincolniensem
971 3125 1179 3202 canonizavit,
1196 3124 1256 3187 Pe-

305 3236 457 3311 trumwe
478 3228 710 3292 Altisiodorum
733 3227 883 3290 comitem
904 3227 940 3289 in
963 3225 1255 3308 Constantinopoli-

304 3339 420 3396 tanum
441 3332 667 3415 imperatorem
686 3331 860 3408 coronavit,
882 3337 914 3393 et
936 3329 1162 3412 imperatorem
1184 3329 1255 3392 Ale·

304 3435 445 3499 manniae
466 3433 672 3499 Fredericum
695 3434 840 3497 Siculum
859 3432 945 3511 fecit,
967 3431 1008 3496 et
1021 3439 1133 3515 postea
1154 3431 1256 3495 rebel·

304 3537 369 3600 lem
384 3536 680 3602 excommunicavit.

348 3642 547 3705 A.D.1218.
586 3639 769 3724 Stephanus
792 3639 1055 3723 archiepiscopus,
1078 3659 1179 3722 regno
1200 3661 1255 3722 pa-

305 3752 387 3823 cato,
402 3765 547 3808 reversus
569 3749 618 3808 est
640 3743 674 3805 in
696 3743 859 3826 Augham,
876 3741 950 3825 quia
964 3748 1109 3824 tempore
1129 3740 1256 3806 concilii

306 3847 464 3930 generalis
483 3849 595 3910 Romae
614 3853 755 3910 moratus
776 3853 834 3924 est,
852 3845 997 3909 deferens
1016 3865 1126 3908 secum
1146 3844 1255 3909 literas

306 3949 583 4013 commendatitias
602 3949 671 4031 regi
691 3955 722 4012 et
742 3948 836 4030 regni
854 3947 1026 4026 tutoribus,
1043 3947 1203 4031 aquibus,
1222 3952 1255 4010 et

210 4106 212 4110 .
306 4075 327 4117 a
344 4059 415 4117 toto
433 4073 534 4136 regno
553 4051 727 4116 honorifice
747 4057 779 4114 et
800 4049 1018 4113 amantissime
1032 4057 1179 4133 receptus
1195 4055 1253 4112 est.

308 4156 469 4240 Sylvester
492 4156 656 4239 episcopus
680 4153 914 4237 Wigorniensis
940 4153 1105 4217 ecclesiam
1128 4152 1256 4234 Wigor-¹

306 4257 369 4346 nire
394 4258 610 4323 cathedralem
636 4256 792 4320 dedicavit
818 4257 952 4339 septimo
977 4255 1049 4319 idus
1078 4254 1169 4318 Juuii
1180 4279 1189 4332 ;
1222 4260 1255 4318 et
