3218 5098
383 643 436 714 ‘24
696 669 895 714 cnaourcora
911 669 1046 713 suumn

389 806 527 868 regnum
554 806 649 849 suum
676 785 828 864 alliciens,
851 783 1028 849 honoribus
1052 781 1234 867 ampliavit:
1256 783 1343 847 inter

391 909 470 972 quos
494 894 526 951 et
541 887 751 967 Werefridus',
769 908 865 971 quem
879 885 1077 950 Wicciorum
1100 884 1241 948 ecclesiae
1261 906 1342 967 prae·

388 989 517 1068 fecerat,
543 985 707 1073 dialogum
733 990 881 1072 Gregorii
910 990 946 1053 in
975 989 1122 1071 linguam
1150 988 1342 1052 Saxonicum

388 1093 566 1172 transtulit,
581 1093 697 1158 talium
712 1115 788 1176 ergo
801 1093 943 1156 virorum
964 1092 1110 1156 doctrina
1123 1099 1157 1156 et
1172 1091 1342 1156 collatione

383 1195 583 1260 'creberrima
605 1196 709 1260 indies
726 1196 762 1259 in
782 1195 939 1279 sapientia
961 1195 1133 1272 crescebat,
1153 1196 1189 1257 in
1210 1201 1342 1258 tantum

383 1304 426 1363 ut
441 1299 477 1362 in
492 1300 580 1364 brevi
596 1300 743 1363 omnium
756 1298 913 1363 librorum
929 1319 1092 1382 sacrarum
1111 1298 1342 1381 scripturarum

387 1402 539 1466 notitiam
559 1403 703 1481 haberet,
725 1409 757 1467 et
778 1402 952 1466 nonnullos
972 1402 1008 1464 in
1030 1423 1126 1465 suum
1147 1401 1341 1465 Saxonicum

386 1505 593 1570 transferret:
626 1506 758 1589 insuper
779 1505 926 1569 omnium
954 1504 1097 1569 hostium
1125 1504 1341 1587 triumphator

387 1607 499 1673 Dauos
514 1630 626 1673 omnes
648 1610 707 1673 sub
726 1610 844 1694 jugum
859 1630 984 1692 semper
997 1607 1140 1672 haberet.
1186 1608 1260 1691 Ipse
1275 1607 1339 1691 pri·

386 1720 465 1776 mus'
482 1718 603 1776 terram
631 1712 666 1775 in
691 1712 868 1796 provincias
898 1718 929 1775 et
958 1711 1140 1787 comitatus,
1166 1710 1338 1774 comitatus

385 1838 461 1881 vero
480 1817 516 1880 in
536 1817 708 1895 centurias,
725 1839 803 1901 quas
818 1836 906 1880 nunc
925 1815 1111 1879 hundredus
1127 1814 1262 1878 dicimus
1271 1840 1280 1893 3
1304 1821 1337 1879 et

384 1918 421 1983 in
443 1919 597 1999 decurias,
614 1942 692 2004 quas
713 1941 803 1984 nnnc
824 1919 980 2002 tithingas
994 1919 1045 1983 vel
1067 1918 1264 2000 thrithingas
1284 1940 1337 1982 vo-

380 2042 506 2100 camus,
542 2022 778 2087 distribuebat:
816 2023 920 2086 omnis
950 2022 1049 2086 etiam
1086 2021 1150 2086 diei
1178 2021 1336 2086 naturalis

384 2124 559 2209 [spatium]
583 2124 745 2189 dividebat
764 2126 801 2188 in
821 2126 885 2190 tria
908 2126 1073 2190 octonaria
1091 2126 1186 2209 juxta
1207 2147 1337 2189 mensu·
1368 2140 1371 2146 ’

381 2247 455 2290 ram
470 2234 502 2291 et
517 2235 635 2292 metam
656 2230 824 2314 cujusdam
844 2230 928 2294 cerei
945 2230 1068 2313 jugiter
1082 2229 1117 2293 in
1137 2230 1257 2313 capella
1279 2251 1337 2293 sua

385 2350 493 2394 coram
522 2339 707 2396 sanctorum
736 2333 878 2416 reliquiis
907 2333 1060 2411 ardentis,
1091 2339 1123 2397 et
1153 2333 1239 2397 dicta
1272 2333 1336 2397 tria

384 2435 549 2498 octonaria
566 2435 765 2518 designantis
774 2463 783 2515 3
805 2437 841 2500 in
861 2458 997 2521 quorum
1021 2437 1134 2521 primo,
1150 2436 1297 2501 videlicet
1316 2460 1336 2501 a

384 2559 511 2602 summo
533 2561 628 2604 mane
649 2541 813 2625 usquead
834 2541 962 2624 plenam
985 2549 1108 2606 sextam
1132 2540 1205 2619 diei,
1228 2529 1336 2606 divino

387 2638 514 2706 servitio
542 2645 694 2722 vacabat3
725 2645 926 2710 insecundo
951 2645 1114 2710 octonario
1138 2645 1277 2708 consiliis
1300 2667 1337 2710 ac

386 2745 523 2826 negotiis
539 2748 630 2829 regni
646 2749 696 2811 sui
710 2748 918 2828 intendebat3
940 2749 976 2812 in
996 2749 1092 2811 tertio
1107 2769 1182 2812 vero
1196 2749 1335 2832 corporis

385 2850 436 2911 sui
449 2850 694 2915 necessitatibus
710 2852 910 2935 indulgebat.
947 2853 1117 2916 Familiam
1131 2873 1223 2915 suam
1238 2853 1336 2916 etiam

384 2950 419 3014 in
438 2959 503 3015 tres
524 2960 646 3017 turmas
667 2954 820 3033 dividenS,
840 2963 913 3039 post
933 2978 1037 3020 unum
1059 2977 1204 3020 mensem
1224 2977 1335 3039 quam·

384 3053 464 3118 libet
490 3056 531 3119 ad
557 3078 615 3121 sua
639 3057 831 3136 dimittebat,
856 3067 889 3123 et
915 3060 977 3124 alia
1006 3071 1115 3123 turma
1144 3059 1334 3124 succedebat

385 3156 469 3239 regis
484 3159 663 3223 ministerio
676 3181 733 3243 per
748 3166 893 3225 mensem
908 3163 1072 3226 servitura.

428 3262 512 3325 ΑΒ.
529 3265 603 3328 873.
647 3265 831 3330 Warmacia
845 3266 979 3330 fulmine
995 3265 1202 3330 comburitur.

425 3363 510 3426 A.D.
536 3366 609 3429 874.
663 3365 845 3431 Ludovicus
868 3367 1041 3451 imperator
1068 3366 1192 3451 [obiit].
1238 3367 1335 3432 Caro-

376 3465 435 3528 ·lus
459 3467 573 3544 senior,
596 3468 681 3531 filius
706 3469 870 3548 Ludovici,
892 3471 1029 3534 Romam
1054 3469 1174 3549 adiens,
1196 3469 1335 3534 donariis

384 3568 667 3633 abundantissimis
682 3593 721 3634 ex
736 3593 811 3651 rege
827 3573 929 3636 factus
944 3573 1116 3655 imperator
1130 3580 1189 3636 est.

427 3672 512 3733 Ab.
536 3675 610 3736 875.
656 3673 788 3754 Pagani,
812 3683 881 3737 tota
900 3676 1025 3739 Mercia
1044 3675 1105 3738 sibi
1125 3674 1278 3760 subjecta,
1302 3698 1336 3740 sc

382 3775 577 3838 diviserunt:
597 3798 671 3859 pars
692 3787 828 3859 sequuta
848 3786 896 3841 est
914 3778 1088 3841 Halfdrum
1102 3780 1138 3843 in
1153 3781 1334 3844 Northum-

383 3878 495 3956 briam,
520 3900 589 3943 eam
618 3879 841 3963 subjicientem
877 3903 951 3964 pars
980 3883 1103 3967 reliqua
1125 3905 1200 3948 cum
1229 3883 1334 3948 tribus

381 3982 511 4065 regibus
527 3982 612 4065 apud
628 3982 870 4066 cantabrigiam
885 3985 1078 4050 hiemarunt.

424 4087 508 4150 A.D.
525 4087 599 4152 876.
647 4087 807 4152 Halfdene
827 4089 910 4172 [rex]
931 4089 1048 4154 suiset
1071 4090 1133 4155 sibi
1152 4091 1334 4156 Northum-

381 4189 483 4254 briam
509 4191 651 4275 partiens
674 4192 792 4276 ill[am]
821 4193 960 4258 incolere
986 4195 1093 4280 coepit.
1139 4197 1234 4262 Rollo
1257 4217 1333 4262 cum

374 4295 447 4360 ¹'suis
462 4296 699 4362 Normanniam
713 4296 902 4382 penetravit.
