3212 5102
655 604 945 649 rarsrnnaenusr.
1212 589 1276 650 143

357 721 444 785 AJ).
461 720 562 784 lata-
595 719 717 783 Omner
733 719 774 783 ad
788 720 983 803 provisiones
998 720 1197 784 Oxonienses
1216 721 1269 804 ju·

315 829 479 888 raverunt.
524 821 684 887 Dominus
706 824 898 888 Edmundus
921 825 1034 908 Lascy,
1057 825 1171 888 Comes
1193 824 1271 888 Lin-

316 927 440 1003 colniae,
456 925 557 1004 obiit3
580 926 633 989 cui
653 927 803 990 successit
823 928 908 991 filius
926 929 995 1012 ejus
1012 928 1174 992 Henricus
1192 928 1271 991 Las-

316 1050 366 1112 cy.
408 1028 639 1092 Transfretavit
654 1049 710 1092 rex
726 1029 888 1093 Henricus
902 1031 938 1093 in
952 1031 1131 1108 Franciam,
1148 1036 1181 1094 et
1196 1052 1271 1095 cum

315 1152 391 1214 rege
420 1131 564 1194 Francia
588 1131 809 1211 concordatur.
865 1132 1171 1217 Constantinopolis,
1199 1155 1270 1216 quae

317 1234 394 1298 olim
409 1254 468 1316 per
481 1234 621 1297 Francos
637 1239 670 1298 et
681 1236 824 1298 Venetos
839 1242 934 1319 capta
947 1236 1063 1314 fuerat,
1079 1257 1136 1319 per
1150 1237 1271 1300 Palaeo-

316 1337 429 1419 logum
442 1335 629 1400 Graecorum
642 1336 869 1421 imperatorem
885 1337 999 1421 grandi
1013 1339 1127 1422 proelio
1141 1359 1272 1422 recupe-

318 1444 420 1504 ratur.

362 1542 447 1606 Ab.
466 1543 559 1606 1260.
584 1541 765 1606 Interdicta
787 1548 836 1607 est
858 1543 968 1607 civitas
983 1543 1194 1607 Eboracensis
1214 1565 1272 1627 per

319 1645 594 1729 archiepiscopum
615 1645 677 1709 loci
698 1652 828 1729 propter
851 1647 1004 1730 quasdam
1019 1646 1170 1730 injurias,
1194 1669 1273 1730 quas

319 1749 402 1813 cives
418 1748 654 1832 archiepiscopo
670 1755 702 1812 et
718 1750 858 1833 capitulo
873 1750 1075 1827 intulemmt3
1098 1756 1131 1814 et
1147 1749 1272 1814 duravit

319 1852 528 1916 interdictum
543 1874 562 1914 a
577 1852 680 1934 capite
696 1852 958 1936 Quadragesimae
974 1873 1077 1936 usque
1096 1853 1131 1916 in
1151 1852 1271 1916 hebdo-

319 1955 447 2018 madam
463 1953 606 2018 Paschae.
645 1955 714 2018 Rex
732 1955 912 2039 Hungariae
925 1976 1084 2040 procerae,
1100 1955 1221 2019 habeus
1236 1956 1272 2018 in

319 2050 461 2122 exercitu
484 2078 552 2136 suo,
575 2064 644 2121 tam
664 2057 921 2122 Christianorum
944 2080 1041 2142 quam
1062 2079 1272 2142 paganorum,

320 2160 461 2224 ducenta
481 2166 513 2224 et
534 2160 748 2244 quadraginta
767 2161 877 2241 millia,
894 2184 913 2224 a
927 2183 1004 2244 rege
1017 2161 1183 2225 Bohemiae
1198 2181 1273 2224 cum

320 2269 452 2327 centum
481 2262 623 2327 milhbus
653 2264 799 2348 equitum
830 2271 1017 2329 occmrente
1045 2263 1202 2328 vincitur:
1234 2285 1273 2327 ex

319 2364 483 2428 cohisione
497 2386 572 2428 vero
591 2387 748 2449 equorum
763 2373 796 2431 et
811 2389 973 2432 armorum
988 2373 1119 2431 tantum
1136 2366 1274 2450 pulveris

320 2469 518 2548 movebatur,
535 2471 621 2554 quod
643 2472 729 2536 clara
751 2472 802 2537 die
824 2473 875 2537 vix
896 2472 993 2536 homo
1015 2472 1180 2536 hominem
1199 2493 1275 2556 οος-1

320 2571 490 2636 noscebat:
514 2573 647 2637 tandem
672 2572 833 2657 Hungari,
857 2595 933 2659 rege
959 2595 1071 2638 eorum
1095 2574 1273 2654 vulneram,

320 2681 412 2758 terga
437 2683 610 2754 vertentes,
635 2673 673 2740 in
700 2678 839 2760 quodam
867 2677 1001 2741 flumine
1031 2676 1274 2760 quatuordecim

321 2779 408 2843 mille
424 2779 581 2844 submersi
595 2786 681 2844 sunt.

364 2883 450 2947 A.D.
467 2885 563 2948 1261.
600 2883 695 2948 Misit
716 2883 865 2948 dominus
885 2905 968 2968 papa
988 2882 1097 2947 literas
1119 2881 1274 2946 universis

319 2984 516 3069 principibus
532 2984 734 3064 Christianis,
751 2990 783 3048 et
804 2985 1047 3067 archiepiscopis
1070 2983 1216 3066 singulis,
1233 2990 1273 3048 ut

322 3087 457 3172 quilibet
476 3087 512 3151 in
532 3109 591 3152 sua
609 3087 732 3151 ditione
747 3109 859 3152 omnes
873 3087 1020 3170 praelatos
1036 3087 1202 3165 adunaret,
1219 3107 1274 3150 cu·
1351 3075 1352 3080 ἵ

318 3193 499 3275 juscnnque
519 3195 627 3254 esseut
644 3188 811 3271 diguitatis
831 3209 888 3254 seu
908 3187 1039 3265 ordinis,
1055 3187 1226 3270 nullusque
1241 3209 1275 3252 se

322 3299 498 3370 excusaret,
524 3291 613 3374 quin,
638 3312 707 3355 non
730 3290 880 3355 obstante
903 3289 1010 3373 aliquo
1035 3288 1209 3372 privilegio,
1234 3289 1275 3353 ad

323 3395 410 3458 diem
425 3400 582 3458 statutum
598 3393 783 3458 conveniret
791 3417 801 3470 ;
824 3400 857 3457 et
872 3412 984 3457 omnes
999 3391 1044 3456 sic
1059 3391 1203 3470 adunati,
1218 3392 1275 3456 ha·

322 3497 392 3562 bito
411 3497 549 3562 invicem
569 3495 717 3579 diligenti
737 3495 904 3578 colloquio,
919 3493 1130 3559 rescriberent
1145 3493 1276 3561 domino

323 3627 423 3689 papae,
453 3604 532 3688 quid
560 3603 738 3669 consultius
769 3609 855 3669 esset
893 3601 1055 3686 agendum
1085 3599 1276 3664 Christianis

324 3714 437 3772 contra
451 3707 645 3786 Tartarinos,
661 3707 716 3791 qui
735 3706 770 3770 iu
789 3705 998 3770 multitudine
1012 3703 1141 3768 infinita
1157 3702 1276 3767 limites

324 3808 581 3874 Christianorum
600 3809 730 3874 fuerant
749 3815 829 3874 tunc
847 3809 1002 3893 ingressi:
1026 3830 1089 3892 quo
1110 3812 1276 3872 momento

324 3913 478 3996 temporis
492 3913 568 3976 victi
583 3919 659 3977 sunt
674 3911 801 3978 Tartari
816 3934 835 3976 a
849 3912 993 3996 paganis.
1032 3911 1122 3975 Obiit
1137 3911 1277 3974 Alexan-

325 4015 382 4078 der
396 4037 478 4099 papa
486 4041 496 4094 3
520 4015 572 4080 cui
587 4015 740 4080 successit
755 4015 990 4099 expatriarcha
1005 4015 1026 4077 J
1027 4013 1278 4096 erusolymitano

325 4117 481 4182 Urbanus
496 4118 558 4184 IV.

291 4301 294 4306 Ι
367 4220 453 4285 Ab.
470 4219 566 4286 1262.
605 4219 782 4286 Commissa
803 4227 852 4286 est
874 4217 1057 4305 pradicatio
1076 4215 1177 4283 crucis
1197 4236 1277 4299 prae-
