3218 5098
628 663 919 709 aurursuuounsu.
1207 641 1248 702 45

297 778 362 842 dux
380 779 592 843 Normauuiae
612 779 692 844 obiit
713 779 749 843 in
768 779 1026 864 peregrinatione
1042 777 1250 862 Jerusolymi·

300 889 388 960 tana,
415 903 434 944 a
463 883 637 946 camerario
668 903 726 948 suo
754 882 960 966 potionatus:
991 881 1144 946 successit
1168 880 1252 945 filius

301 984 371 1068 ejus
385 984 568 1049 Willelmus
584 986 731 1063 Bastard,
749 1007 908 1050 annorum
923 991 1045 1069 septem
1060 1005 1151 1068 puer,
1166 989 1251 1048 tute-

300 1087 340 1150 1ae
359 1087 495 1151 Henrici
510 1089 594 1171 regis
610 1088 753 1152 Francia
768 1086 1021 1152 commendatus.

341 1190 427 1254 Ab,
445 1192 541 1256 1036.
579 1191 653 1254 Filii
673 1191 757 1273 regis
777 1189 954 1268 Ethelredi,
969 1189 1119 1254 Ellredus
1138 1195 1171 1254 et
1186 1189 1251 1254 Ed-

299 1294 434 1372 wardus,
451 1315 526 1357 cum
543 1294 647 1358 multo
662 1294 927 1358 Normannorum
948 1294 1104 1357 comitatu
1124 1291 1165 1358 ad
1185 1315 1252 1358 ma-

298 1405 382 1464 trem
402 1399 547 1477 veniunt,
562 1399 630 1478 ubi,
646 1398 779 1463 Alfredo
801 1398 874 1463 dolo
896 1398 1043 1463 Godwiui
1065 1397 1179 1482 perfidi
1200 1420 1253 1462 ex-

298 1509 428 1580 caeoato,
454 1502 631 1566 Edwardus
658 1523 677 1564 a
702 1508 805 1566 matre
834 1501 1072 1565 Normauniam
1101 1501 1252 1566 mittitur.

303 1605 515 1669 Hardcuutus
529 1603 683 1689 injuriam
697 1603 789 1668 fratri
810 1625 868 1669 suo
888 1604 1006 1667 factam
1025 1603 1062 1666 in
1081 1603 1255 1687 Livingum

302 1708 568 1773 Creditonensem
587 1707 792 1791 Episcopum,
808 1711 841 1770 et
858 1705 1052 1770 Godwinum
1070 1705 1236 1770 ulciscitur
1244 1731 1254 1785 3

303 1809 360 1873 sed
373 1809 507 1874 tandem
523 1808 712 1873 muneribus
726 1808 883 1893 placatn.

329 1974 331 1978 .
346 1913 431 1976 A.D.
450 1915 544 1978 1037.
581 1911 775 1976 Hardcnuto
789 1912 825 1975 in
840 1911 942 1977 Dacia
957 1919 1121 1997 occupato,
1139 1912 1255 1977 Horol-

303 2013 363 2077 dus
383 2020 487 2078 totam
510 2012 665 2097 Angliam
688 2013 749 2078 sibi
771 2013 898 2094 subdit3
921 2015 1008 2080 unde
1027 2014 1178 2080 Emmam
1197 2038 1255 2081 uo·

303 2135 428 2179 veroum
455 2136 546 2178 suam
576 2115 617 2179 ab
641 2115 763 2197 Anglia
787 2116 926 2200 expellit,
952 2139 1023 2202 quae
1046 2140 1066 2182 a
1089 2119 1256 2184 Baldwino

305 2217 422 2282 comite
452 2218 612 2282 Flaudriae
647 2218 822 2283 honorifice
857 2220 1017 2305 [suscepta
1052 2221 1112 2306 ibi]
1147 2223 1256 2307 paucis

305 2321 399 2385 anuis
414 2327 611 2385 commorata
625 2327 684 2385 est.

347 2425 432 2488 AJ).
459 2426 555 2488 1038.
607 2424 810 2508 Agelnothus
835 2424 1076 2490 cantuariensis
1102 2425 1255 2511 archiepi-

303 2548 415 2611 scopus
439 2527 519 2592 obiit
530 2554 540 2606 ;
564 2528 617 2591 cui
637 2527 788 2592 successit
812 2528 929 2592 Edsius
953 2530 1136 2612 capellanus
1159 2530 1255 2613 regis.

304 2632 472 2716 Agelricus
491 2630 712 2695 cicestriensis
730 2631 896 2716 episcopus
914 2632 994 2697 obiit
1003 2659 1012 2711 ;
1036 2633 1088 2696 cui
1105 2634 1257 2698 successit

306 2735 537 2799 Grimketelus.
563 2735 723 2818 Bretegus
733 2735 969 2818 Wigorniensis
985 2737 1150 2820 episcopus
1165 2737 1256 2815 obiit,

305 2838 357 2902 cui
373 2838 526 2903 successit
541 2838 707 2920 livingus.

350 2943 433 3006 Ar).
448 2943 542 3005 1039.
574 2940 741 3006 Conradus
756 2940 929 3024 imperator
944 2941 1042 3022 obiit3
1066 2943 1119 3006 cui
1134 2963 1256 3008 succes-

306 3046 347 3110 sit
377 3046 462 3110 filius
492 3046 560 3129 ejus
592 3045 763 3109 Heuricus.
819 3044 1031 3111 Hardcnutus
1057 3055 1192 3110 matrem
1222 3048 1258 3110 in
1338 3078 1339 3081 ¹

306 3148 458 3212 Flandria
475 3148 625 3212 visitavit.
671 3149 761 3213 Obiit
783 3148 988 3213 Brithmarus
1007 3149 1258 3214 Lichefeldensis

306 3253 468 3337 episcopus
478 3278 488 3330 3
511 3252 564 3316 cui
586 3252 737 3316 successit
754 3252 947 3316 Willelmus.
994 3251 1084 3317 Obiit
1107 3253 1257 3316 Duneca-

306 3376 368 3418 uus
382 3376 437 3419 1111
450 3355 630 3433 Scotorum,
645 3355 735 3439 cujus
750 3377 887 3437 regnum
902 3353 1074 3417 Machetus
1090 3355 1151 3419 sibi
1165 3376 1258 3418 usur·

307 3457 403 3540 pavit.
453 3456 544 3521 Obiit
559 3457 756 3523 Benedictus
775 3479 858 3542 papa
866 3483 876 3536 ;
900 3458 952 3521 cui
971 3457 1123 3522 successit
1143 3458 1258 3522 Silves-

307 3568 358 3624 tcr
373 3559 439 3623 ΙΙΙ.

351 3663 434 3726 Α.]).
453 3665 547 3726 1040.
581 3662 743 3727 Haroldus
758 3684 815 3726 rex
830 3662 909 3727 obiit
924 3663 1111 3742 Londoniae,
1124 3670 1158 3730 et
1173 3664 1259 3748 apud

307 3768 633 3832 Westmonasterium
666 3768 868 3846 tumulatum
900 3789 964 3852 quo
993 3769 1128 3852 sepulto,
1159 3768 1258 3853 Angli

306 3892 381 3935 oum
402 3871 504 3934 Dauis
528 3871 757 3936 Hardcnutum
778 3872 817 3935 de
838 3872 940 3937 Dacia
960 3879 1166 3951 accersentes,
1183 3894 1258 3938 eum

306 3974 343 4036 in
357 3995 468 4057 regem
483 3981 680 4058 promovent.
728 3971 793 4038 Hic
808 3983 920 4038 contra
934 3975 1080 4039 omnium
1095 3997 1184 4059 spem
1198 3975 1259 4039 im·

307 4077 465 4161 portabile
484 4077 655 4155 tributum,
672 4077 791 4142 scilicet
811 4077 977 4162 sexagInta
993 4078 1128 4142 navibus
1143 4079 1259 4161 cuique

304 4180 468 4244 classiario
488 4179 604 4262 viginti
623 4201 746 4244 marcas
766 4181 919 4264 imposuit
938 4181 1171 4265 persolvendas,
1191 4201 1259 4243 cor·

305 4304 432 4367 pusque
455 4283 562 4346 fratris
589 4283 639 4346 sui
664 4284 800 4349 Haroldi
823 4285 974 4348 effossum
1003 4285 1039 4347 in
1068 4283 1260 4346 Tamensem
