3218 5098
361 591 403 652 56
595 633 597 636 -
666 577 866 668 cnuourcou
883 608 1019 650 anema

361 728 462 791 millia
482 749 663 792 marcarum
684 729 811 810 argenti
830 728 1038 806 solverentur,
1060 748 1134 790 cuni
1157 727 1226 790 aliis
1249 729 1314 792 suis

362 831 568 895 conductitiis
591 831 627 894 in
651 830 797 894 custodia
821 830 972 894 detentus
998 836 1056 893 est.
1104 830 1205 893 Suani
1230 831 1316 913 regis

363 935 533 998 Danorum
547 933 614 1012 filii,
630 955 705 997 cum
725 932 861 996 navibus
881 933 1028 998 ducentis
1049 940 1081 996 et
1103 933 1317 1016 quadraginta

362 1038 397 1100 in
426 1036 755 1100 Northanhumbrum
781 1035 917 1099 residuis
946 1036 1128 1118 Anglorum
1157 1035 1314 1100 rebellan-

362 1142 446 1204 tium
463 1140 508 1204 ibi
529 1141 701 1204 sociantur.
746 1139 929 1202 Willelmus
945 1161 982 1203 eo
997 1139 1196 1203 contendens
1211 1147 1315 1202 totam

364 1243 701 1308 Northanhumbriam
719 1243 803 1307 ferro
823 1250 856 1306 et
875 1243 1006 1306 flamma
1019 1250 1133 1321 vastat,
1149 1264 1192 1307 ne
1208 1244 1317 1308 hostes

331 1356 333 1363 '
364 1349 518 1411 alimenta
543 1347 730 1430 reperirent,
755 1346 894 1420 undeet
916 1346 1017 1409 fames
1039 1368 1168 1429 magna
1182 1355 1317 1429 sequuta

364 1461 422 1529 est,
438 1451 619 1514 intantum
637 1457 678 1514 ut
695 1449 842 1513 homines
862 1449 903 1512 ad
924 1470 1034 1513 carnes
1054 1451 1190 1528 illicitas,
1206 1450 1316 1515 videli·
1364 1455 1372 1473 '

364 1564 415 1618 cet
431 1575 597 1637 equorum,
614 1560 647 1617 et
662 1574 790 1631 eanum,
806 1559 839 1615 et
855 1560 1010 1631 catorum,
1026 1553 1111 1617 farne
1127 1562 1262 1637 cogente
1283 1577 1316 1619 se

365 1658 558 1722 conferrent.
603 1657 691 1721 Dani
711 1657 779 1720 sine
797 1678 916 1740 pugna,
933 1656 989 1720 sed
1003 1678 1070 1720 non
1085 1657 1154 1720 sine
1169 1659 1315 1741 pecunia,

364 1761 482 1825 reversi
506 1769 582 1824 sunt
594 1787 603 1838 3
630 1759 733 1824 tribus
759 1759 901 1823 millibus
928 1760 1193 1824 Norrnannorum
1216 1761 1315 1825 inter-

364 1865 467 1930 fectis.

409 1968 494 2031 Aa).
512 1967 606 2032 1070.
646 1967 789 2030 Concilio
811 1966 897 2049 apud
916 1966 1128 2045 Wiutoniam,
1151 1968 1315 2050 praesenti-

366 2069 427 2133 bus
448 2076 567 2132 sanetae
588 2071 743 2134 Romanae
764 2069 904 2133 eeclesiae
924 2070 1049 2153 legatis
1065 2070 1235 2148 celebrato,
1254 2071 1317 2134 Sti-

368 2172 493 2256 gandus
512 2172 685 2255 deponitur
702 2173 799 2256 justis
819 2194 858 2236 ex
878 2173 991 2251 causis,
1007 2173 1060 2237 cui
1082 2173 1233 2237 successit
1250 2196 1318 2238 ma-

370 2277 470 2360 gister
495 2275 696 2339 Lanfrancus
723 2297 762 2339 ex
786 2276 891 2359 priore
915 2276 1069 2339 Beccensi
1093 2275 1191 2340 abbas
1215 2276 1318 2340 Cado-

369 2378 489 2441 mensis
518 2378 623 2442 factus
650 2379 815 2462 episcopus
840 2379 1093 2443 Cantuariensis.
1138 2380 1251 2444 Plures
1281 2401 1319 2444 eo

368 2502 466 2561 anno,
482 2489 550 2545 tam
566 2481 705 2566 episcopi
720 2504 816 2564 quam
832 2481 974 2561 abbates,
989 2483 1040 2546 vel
1059 2483 1157 2547 nullis
1175 2484 1226 2546 vel
1242 2483 1320 2547 levi·

368 2585 429 2648 bus
445 2584 687 2667 suspicionibus,
704 2584 912 2667 deponuntur
932 2593 988 2648 aut
1008 2585 1190 2670 ejiciuntur,
1205 2607 1319 2670 procu-

369 2696 461 2752 rante
483 2709 569 2771 rege,
590 2697 627 2751 ut
650 2688 750 2770 Angli
772 2687 870 2751 nullis
892 2687 1105 2770 dignitatibus
1127 2689 1319 2772 potirentur.

370 2791 555 2855 Baldwinus
576 2812 682 2854 comes
697 2790 857 2855 Flandriae
878 2791 967 2855 obiit.
1013 2793 1114 2875 Angli
1134 2814 1191 2876 per
1211 2793 1320 2877 singu-

369 2896 417 2960 los
433 2895 500 2958 dies
516 2901 572 2958 aut
587 2894 617 2957 vi
632 2902 689 2958 aut
705 2902 818 2977 sponte
834 2915 867 2958 se
882 2915 966 2958 novo
980 2894 1048 2979 regi
1063 2895 1217 2961 subdunt.

414 3000 498 3063 Α.Ι).
524 3001 618 3064 1071.
658 2999 773 3062 Comes
800 2998 909 3062 Frisiae
934 2999 1105 3078 Robertus,
1130 3001 1233 3065 occiso
1258 3003 1320 3064 Ar-

372 3105 464 3168 nulfo
487 3104 605 3168 comite
627 3103 797 3182 Flandriae,
820 3103 1006 3166 Flandriam
1029 3112 1173 3187 occupat.
1220 3106 1323 3169 Here·

370 3208 497 3272 wardus
518 3208 549 3271 le
564 3208 669 3271 Wake
691 3207 789 3271 etiam
810 3206 899 3271 intra
918 3207 1051 3290 paludes
1074 3209 1228 3287 Elienses,
1247 3231 1322 3272 cum

371 3315 482 3379 multis
507 3313 575 3377 aliis
598 3313 715 3396 Anglis
738 3313 902 3395 exlegatis,
924 3312 993 3395 regi
1007 3312 1147 3376 resistit.
1192 3314 1321 3378 Bellum

371 3420 457 3483 inter
472 3417 657 3501 Philippum
677 3438 786 3499 regem
807 3416 951 3480 Franeiae
971 3422 1004 3479 et
1025 3416 1204 3480 Robertum
1224 3417 1321 3481 comi·

372 3531 440 3587 tem
455 3521 623 3598 Flandriae,
639 3521 697 3584 ubi
711 3541 767 3583 rex
781 3519 882 3584 victus
898 3527 946 3583 est
955 3545 965 3597 3
989 3519 1109 3584 occisus
1125 3527 1175 3584 est
1191 3520 1288 3584 etiam
1304 3521 1326 3584 a'

374 3625 460 3689 dicto
487 3623 628 3686 Roberto
654 3623 771 3686 comite
794 3622 954 3686 Flandriae
977 3623 1159 3687 Willelmus
1185 3623 1324 3688 Osberni

374 3748 480 3791 comes
497 3726 689 3804 Herfordiae,
704 3725 860 3789 Willelmi
881 3727 966 3808 regis
988 3727 1231 3809 potentissimus
1249 3739 1324 3792 cou-

375 3829 521 3893 siliarius

419 3933 616 3996 A.D.1072.
656 3932 725 3994 Rex
744 3931 926 3996 Willelmus
948 3953 1023 3996 oum
1046 3933 1161 4016 grandi
1183 3934 1326 3998 exercitu

375 4035 508 4099 intravit
525 4034 665 4098 Scotiam
681 4042 795 4098 contra
810 4033 1031 4114 Maloolmum,
1049 4036 1104 4118 qui
1123 4037 1193 4119 regi
1216 4058 1250 4100 se
1268 4037 1329 4100 hu-

377 4141 497 4203 militer
523 4137 675 4216 subdidit,
700 4139 792 4202 etin
817 4139 887 4203 loco
915 4139 971 4221 qui
996 4139 1114 4203 dicitur
1137 4139 1331 4226 Abernythy

377 4244 567 4310 fidelitatem
580 4243 709 4326 juravit.
756 4243 902 4308 Matildis
917 4243 1030 4326 regina
1046 4244 1162 4308 Siciliae
1176 4243 1329 4328 patrimo-
