3216 5104
622 635 913 679 rnramuaaassr.
1185 617 1245 680 171

296 749 350 828 ris,
362 769 399 812 ac
415 735 551 813 aliorum
565 749 735 813 fluviorum
749 771 806 833 per
818 750 957 814 Francos
972 749 1092 828 fractis,
1108 749 1249 814 multum

296 852 470 935 impeditus
485 859 551 916 est:
572 853 705 917 tandem
717 854 812 938 juxta
823 854 990 918 Pictorum
1006 853 1162 918 exercitus
1174 875 1249 918 con-

297 955 498 1038 grediuntur,
511 957 690 1040 Francique
704 957 780 1020 victi
795 962 883 1020 sunt.
916 957 986 1020 Rex
999 956 1068 1040 ipse
1083 958 1104 1019 J
1105 957 1249 1022 ohannes

285 1066 410 1143 ,captus
425 1070 474 1123 est
489 1081 564 1124 cum
578 1060 644 1124 filio
660 1082 718 1124 suo
730 1061 868 1144 Juniore,
885 1067 917 1126 et
937 1061 1049 1125 multis
1070 1060 1139 1124 aliis
1159 1083 1249 1144 mag-

298 1163 447 1256 natibus:
472 1165 577 1228 senior
591 1165 686 1242 filius,
701 1163 824 1228 habens
838 1165 873 1227 in
889 1164 1031 1228 exercitu
1046 1185 1103 1228 suo
1118 1172 1249 1228 centum

298 1266 422 1345 vexilla,
439 1287 574 1332 cernens
596 1273 721 1351 patrem
744 1290 839 1332 suum
861 1274 1001 1352 captum,
1024 1268 1060 1332 in
1081 1267 1249 1332 Pictavum

298 1371 383 1454 fugit
398 1393 473 1435 cum
488 1372 563 1435 suis.

341 1477 426 1566 A.D.
454 1479 547 1540 1358.
594 1475 760 1540 Johannes
789 1497 845 1540 rex
870 1474 1014 1540 Franciae
1038 1495 1113 1538 oum
1138 1474 1249 1538 multis

299 1583 368 1646 aiiis
384 1583 590 1666 magnatibus
605 1583 749 1648 Franciae
763 1583 875 1667 captis,
887 1583 977 1648 ducti
991 1589 1068 1646 sunt
1083 1580 1124 1645 ad
1138 1603 1249 1666 regem

299 1686 335 1750 in
349 1687 513 1770 Angliam.

341 1791 426 1854 A.D.
445 1792 539 1854 1359.
578 1790 649 1854 Rex
666 1789 795 1872 Angliae
817 1811 892 1854 cum
912 1787 1086 1853 fortissimo
1109 1787 1250 1851 exercitu

298 1893 518 1957 transfretavit
539 1893 575 1957 in
590 1894 769 1972 Franciam,
786 1893 933 1976 equitans
955 1913 1056 1975 usque
1079 1891 1120 1954 ed
1141 1890 1249 1954 civite·

298 2005 366 2060 tem
388 1996 611 2074 Parisiensem,
635 1997 676 2060 ad
698 1996 954 2080 compellendum
977 1995 1116 2058 Francos
1137 1993 1250 2058 soederi

299 2101 385 2166 inter
421 2122 513 2184 reges
549 2100 632 2183 inito
665 2101 847 2164 consentire
858 2127 868 2178 3
905 2099 1073 2182 medioque
1106 2106 1250 2181 tempore

300 2207 497 2271 Francorum
514 2205 627 2288 piratae
646 2205 759 2269 furtim
778 2211 908 2288 portum
924 2204 963 2267 de
978 2203 1181 2268 Winchelsee
1196 2203 1250 2266 de-

298 2308 489 2392 praedantes,
516 2308 662 2391 Anglicis
689 2307 958 2386 succurrentibus,
985 2327 1081 2370 naves
1106 2313 1250 2390 repetere

299 2411 508 2496 cogebantur.

344 2517 429 2580 A.D.
456 2517 550 2579 1360.
597 2515 715 2578 Factus
741 2521 790 2579 est
816 2514 1079 2598 diligentissimus
1109 2513 1251 2578 delectus

299 2621 439 2684 militum
454 2641 510 2703 per
525 2625 628 2684 totam
643 2619 806 2702 Angliam‚
822 2619 864 2684 ad
878 2619 1133 2704 persequendum
1150 2619 1249 2682 Fran

299 2745 409 2788 corum
428 2725 556 2808 piratas,
573 2729 606 2787 et
621 2724 661 2787 ad
676 2745 786 2807 regem
801 2724 841 2788 de
856 2724 1080 2789 transmarinis
1094 2722 1250 2786 reducen-

300 2827 395 2891 dum:
418 2849 586 2911 nunquam
602 2832 697 2890 aetate
711 2833 822 2891 nostre
836 2834 904 2890 tam
921 2849 999 2890 sana
1013 2825 1127 2889 militia
1141 2831 1251 2889 coacta

300 2938 356 3008 est,
380 2929 665 2994 desiderantissimi
689 2929 806 3012 quique
831 2928 981 2992 ditissimi
1004 2935 1101 3011 atque
1123 2927 1249 2991 validis·

299 3034 372 3098 simi
390 3033 510 3117 absque
528 3033 749 3116 redemptione
763 3037 995 3116 processerunt,
1012 3038 1045 3095 et
1059 3031 1141 3094 mari
1155 3052 1249 3094 mun·

298 3138 383 3214 dato,
400 3159 512 3202 omnes
532 3159 607 3200 cum
627 3158 702 3220 rege
723 3136 793 3200 sani
813 3143 846 3199 et
865 3135 1041 3198 incolumes
1053 3134 1103 3220 ⁸ad
1124 3155 1182 3196 sua
1200 3155 1250 3198 re-

298 3243 380 3306 versi
407 3249 484 3305 sunt
495 3267 504 3318 3
536 3241 703 3324 finalisque
732 3239 903 3305 concordia
930 3239 1016 3303 inter
1039 3238 1193 3321 Angliam
1216 3244 1249 3301 et

299 3347 467 3410 Franciam
481 3345 567 3408 facta
582 3353 640 3408 est.

341 3451 426 3513 Ab.
455 3449 549 3512 1361.
600 3446 785 3512 Mortalitas
814 3445 985 3511 hominum
1014 3444 1162 3524 secunda,
1193 3444 1250 3508 sed

299 3554 437 3617 maxime
454 3574 636 3636 puerorum.
681 3551 771 3615 Obiit
791 3558 940 3614 strenuus
960 3549 1026 3612 dux
1043 3549 1248 3628 Lancastriae,

299 3657 448 3721 dominus
471 3657 643 3734 Henrious,
665 3664 697 3719 et
721 3655 870 3718 dominus
889 3654 1064 3733 Johannes,
1080 3675 1186 3719 comes
1209 3654 1250 3718 de

299 3760 522 3838 Richmondia‚
539 3767 572 3823 et
590 3760 675 3822 filius
694 3759 789 3841 regie,
806 3757 861 3841 qui
879 3757 979 3821 filiam
997 3757 1141 3842 praedicti
1159 3757 1251 3821 ducis

301 3861 444 3942 Henrici,
461 3865 591 3927 nomine
607 3863 807 3941 Blanchiam,
824 3862 957 3926 duxerat
975 3863 1011 3926 in
1030 3884 1173 3941 uxorem,
1190 3861 1250 3925 du-

299 3976 408 4032 catum
423 3969 491 4052 ejus
506 3967 636 4050 recepit.
665 3966 755 4030 Obiit
770 3966 918 4030 dominus
930 3967 1095 4030 Johannes
1111 3967 1151 4030 de
1167 3966 1249 4029 Kin-

298 4070 420 4148 newell,
437 4069 602 4154 episcopus
625 4068 878 4148 Lincolniensis3
901 4070 953 4134 cui
975 4070 1125 4135 successit
1148 4069 1249 4132 domi-

298 4196 360 4237 nus
378 4175 543 4238 Johannes
566 4173 606 4236 de
629 4173 845 4256 Rokingbam,
862 4174 1103 4240 archidiaconus
1125 4174 1248 4238 North·
1290 4153 1301 4180 ⁸

299 4277 480 4362 amptoniae,
497 4283 529 4341 et
544 4277 676 4341 clericus
693 4277 815 4341 domini
830 4278 924 4361 regis.
