3218 5098
592 661 884 706 11111101011111.
1197 646 1219 707 3

262 781 377 840 vastat.
423 776 513 842 Beda
526 778 680 843 nascitur.
724 778 895 843 Wilfridus
911 779 1049 843 Romam
1069 798 1217 862 pergens,

260 899 319 960 per
332 885 557 964 tempestatem
579 881 615 945 in
629 876 767 946 Frisiam·
781 883 932 967 jactatus,
947 881 1035 946 unde
1049 879 1217 946 Christum

262 981 449 1046 Brisonibus
464 969 670 1066 praedicabat.

303 1084 388 1149 A.D.
406 1087 480 1152 679.
507 1088 586 1152 Post
601 1087 745 1152 Leonem
760 1108 877 1171 papam
891 1085 1088 1153 Benedictus
1103 1088 1217 1153 Romae

260 1188 360 1254 sedit:
382 1190 444 1254 iste
458 1190 520 1255 fuit
535 1191 744 1256 sanctissimae
752 1191 826 1256 vit-a
841 1197 874 1256 et
888 1191 1087 1275 paupertatis
1099 1189 1216 1255 ardens

178 1290 180 1292 ’
260 1299 394 1357 amator.
455 1294 575 1359 Sancta
604 1294 812 1360 Btheldritha
840 1294 921 1358 obiit
931 1319 942 1373 3
979 1295 1033 1359 cui
1062 1293 1215 1359 successit

264 1394 440 1478 Sexburga.

302 1497 388 1562 A.D.
404 1498 479 1562 680.
512 1499 612 1564 Hilda
627 1499 790 1565 abbatissa
803 1499 894 1565 obiit.
928 1500 1215 1584 ’.10111101οΕ111οΙ-

256 1600 327 1664 redi
340 1601 424 1684 regis
439 1601 565 1667 Marcia
578 1603 614 1665 in
630 1603 772 1686 quinque
786 1603 953 1687 parochias
969 1610 1017 1668 011
1033 1603 1134 1669 divisa
1154 1625 1212 1688 per

257 1703 462 1769 Theodorum
484 1705 759 1791 archiepiscopum
783 1713 816 1771 01
843 1707 1004 1771 Joannem
1028 1707 1215 1772 Romanum

212 1792 221 1799 ’
259 1808 514 1873 archicantorem
529 1816 562 1873 01
572 1809 727 1892 legatum.

297 1912 384 1977 Α.]).
400 1912 475 1976 682.
519 1912 703 1976 Α1111101101
720 1911 992 1997 Rothomagensis
1007 1913 1098 1980 obiit.

299 2016 386 2080 al).
403 2016 478 2080 683.
523 2015 635 2081 Litora
650 2016 849 2081 dominicalis
864 2017 906 2080 D.

299 2119 384 2183 Α.]).
401 2120 477 2183 681.
521 2119 718 2186 Benedictus
737 2120 826 2204 Papa
846 2119 939 2184 obiit.
984 2121 1138 2205 Bgfridus
1157 2141 1214 2188 rex

257 2219 452 2286 Hiberniam
466 2228 580 2287 vastat.

298 2327 383 2392 Α.]).
407 2327 482 2390 685.
528 2326 694 2391 Johanncs
716 2347 800 2410 papa
807 2351 817 2406 3
850 2326 1085 2391 Constantinus
1108 2327 1212 2412 impe-

254 2436 342 2492 rator
367 2428 465 2506 obiit;
503 2429 656 2495 successit
682 2429 888 2493 Justinianus
914 2429 999 2493 111101
1024 2431 1094 2514 ejus
1116 2429 1212 2494 annis

254 2531 375 2596 decem.
421 2531 575 2615 Bgfiidus
589 2554 646 2596 rex
660 2532 758 2597 obiit:
783 2531 935 2596 successit
949 2532 1096 2596 Alfridus
1111 2533 1212 2597 frater

255 2636 335 2720 ejus.
379 2636 555 2701 Lotharius
579 2635 771 2701 Cantiorum
794 2657 849 2700 rex
874 2635 964 2700 obiit.
1019 2636 1212 2701 Pestilentia

254 2738 446 2822 depopulata
468 2745 517 2803 est
533 2739 747 2803 Britanniam.
794 2738 965 2804 Ordinatio
986 2739 1090 2804 sancti
1105 2738 1208 2804 Cuth-

255 2841 341 2906 berti
356 2841 495 2928 episcopi
509 2842 749 2907 Dunelmensis.

295 2945 380 3010 A.D.
396 2946 471 3010 686.
515 2945 686 3010 Wilfridus
702 2944 842 3010 ecclesiae
858 2966 924 3010 suae
938 2950 1149 3010 restauratur.

294 3049 379 3112 A.D.
395 3049 470 3114 687.
521 3049 659 3113 Sanctus
684 3049 883 3114 Cuthbertus
905 3047 996 3113 obiit.
1052 3048 1204 3114 Kilianus

251 3151 531 3235 wirzeburgensis
547 3152 712 3237 episcopus
727 3152 852 3218 claruit.

294 3256 379 3320 A.D.
411 3257 486 3320 688.
544 3256 675 3340 Sergius
704 3279 788 3341 papa
817 3255 900 3321 sedit
930 3254 1024 3318 annis
1052 3253 1210 3318 tredecim

252 3359 418 3424 mensibus
443 3381 569 3424 novem.
624 3359 792 3443 Pippinus,
818 3359 904 3422 filius
929 3355 1078 3438 Ansegili
1106 3356 1211 3440 major

252 3465 368 3530 domus
383 3466 479 3548 regis,
494 3467 635 3530 Francos
649 3464 744 3529 rexit.

293 3570 377 3633 A.D.
394 3571 469 3635 689.
515 3569 675 3634 Cedwalla
688 3590 746 3634 rex
759 3567 921 3634 Abendon
936 3565 1065 3650 incepit,
1081 3571 1115 3631 et
1134 3586 1206 3650 per·

250 3693 329 3756 gens
345 3674 493 3753 Romam,
507 3673 691 3758 baptizatus
710 3679 770 3753 est,
787 3680 820 3739 et
841 3672 946 3737 adhuc
965 3671 1001 3734 in
1021 3670 1101 3735 albis
1124 3669 1206 3735 obiit

248 3775 369 3840 ibidem
377 3802 387 3856 3
411 3777 463 3841 cui
477 3777 514 3840 in
528 3799 667 3861 regnum
682 3777 833 3842 successit
848 3778 919 3854 Ine,
932 3775 987 3858 qui
1004 3773 1207 3838 Glastoniam

248 3880 449 3944 restauravit.
481 3881 503 3944 J
503 3879 687 3944 ustinianus
701 3880 877 3966 imperator
891 3899 1003 3964 pacem
1018 3900 1093 3943 cum
1111 3878 1207 3942 Sara·

250 3983 337 4046 cenis
351 3983 428 4047 fecit
444 3983 539 4048 annis
555 3983 674 4048 decem.

290 4086 376 4150 A.D.
393 4087 469 4150 690.
514 4085 700 4151 Theodorus
722 4086 976 4172 archiepiscopus
996 4083 1086 4149 obiit.
1133 4081 1207 4148 Hu-

249 4209 368 4272 cusque
383 4189 514 4266 fuerant
530 4189 759 4274 archiepiscopi
774 4188 924 4254 Romani.

292 4294 378 4358 Α.]).
395 4295 468 4359 691.
521 4294 652 4379 Sergius
667 4315 759 4378 papa,
774 4300 813 4360 ut
826 4293 864 4358 in
877 4289 1033 4358 fractione
1053 4287 1208 4356 dominici

425 4421 436 4445 ··
699 4399 757 4462 aa
