3218 5098
640 678 932 724 rsrnmnnsnnss.
1220 666 1263 730 29

310 789 393 858 lonis
417 793 483 858 dux
504 793 716 860 Normanniae
734 797 910 862 occiditur:
934 799 1086 863 successit
1107 799 1264 864 Ricardus

311 899 395 962 filius
411 899 480 983 ejus
498 898 612 962 Senior
627 900 739 964 dietus.
759 911 763 918 '

353 1002 438 1066 A.D.
464 1004 539 1066 943.
581 1002 775 1067 Edmundus
801 1004 978 1068 Analafum
1007 1027 1027 1068 a
1054 1005 1144 1070 fonte
1176 1027 1265 1072 sacro

311 1107 460 1190 suscepit,
477 1113 509 1170 et
524 1128 659 1171 munere
673 1108 763 1191 regio
779 1108 919 1172 donavit.
966 1109 1160 1175 Reinaldum
1178 1111 1264 1176 Nor·

310 1211 604 1275 thanhumbrorum
619 1233 729 1295 regem
743 1213 779 1276 in
794 1213 1037 1278 confirmatione
1052 1215 1169 1294 tenuit,
1181 1222 1215 1280 et
1229 1214 1265 1278 in

311 1314 414 1377 filium
429 1313 603 1398 adoptavit,
619 1337 697 1399 pace
710 1316 797 1380 facta
810 1316 896 1380 inter
911 1338 965 1381 eos
981 1338 1103 1381 omnes.

355 1416 441 1481 Α.Ι).
472 1413 546 1481 946.
592 1418 786 1482 Edmundus
814 1441 871 1483 rex
900 1419 1076 1484 occiditur:
1112 1420 1264 1484 successit

313 1521 460 1585 Edredus
474 1522 574 1586 frater
589 1523 659 1606 ejus
671 1521 711 1584 ab
723 1521 838 1586 Odone
853 1522 1089 1605 archiepiscopo
1104 1522 1264 1588 Dorober-

314 1624 406 1688 nensi
420 1625 576 1688 inunctus
591 1625 677 1708 apud
694 1625 887 1708 Kingeston.

356 1727 441 1792 Α.Ι).
459 1730 533 1793 947.
564 1727 713 1792 Edrcdus
732 1749 789 1791 rex
808 1726 1116 1792 Northanhumbros
1135 1734 1168 1793 et
1190 1727 1275 1793 Sco·-

312 1837 363 1895 tos
378 1830 449 1909 sibi,
465 1831 548 1894 sicut
562 1831 808 1914 praedecessores
824 1831 883 1909 sui,
900 1831 1091 1915 subjugavit.

357 1933 442 1999 Α.Ι).
459 1936 534 1998 948.
563 1934 712 1998 Edredus
727 1955 793 2012 rex,
806 1934 993 1998 Turketuro
1008 1934 1123 1999 clerico
1138 1934 1277 1999 bondo·-

315 2038 421 2102 niensi
439 2037 627 2121 instigante,
648 2038 839 2102 restauravit
861 2038 1094 2102 monasterium
1113 2038 1276 2124 Croylane

316 2140 386 2220 diae,
402 2141 457 2223 qui
471 2142 667 2206 monachum
687 2162 721 2205 se
740 2140 871 2220 faciens,
885 2141 1004 2206 ibidem
1024 2163 1082 2226 per
1100 2163 1212 2226 regem
1232 2141 1267 2205 in

315 2241 465 2307 abbatem
480 2250 528 2308 est
543 2251 719 2328 promotus.

361 2345 446 2412 Α.Ι).
463 2351 539 2413 949.
571 2349 763 2412 Wulstanus
784 2348 1038 2433 archiepiscopus
1057 2349 1267 2414 Eboracensis

316 2472 436 2534 aroge
462 2451 590 2516 Edredo
616 2452 844 2532 incarceratur,
869 2452 924 2516 sed
951 2461 1081 2537 accepto
1104 2453 1268 2518 fidelitatis

316 2563 516 2620 sacramento
532 2555 716 2620 dimittitur.

359 2659 444 2722 Α.Ι).
461 2661 536 2723 950.
566 2658 785 2724 Northumbri
805 2661 927 2724 Yrcum
947 2659 1008 2724 sibi
1027 2682 1137 2744 regem
1158 2682 1274 2725 ercan·-

316 2768 377 2841 tes,
392 2762 521 2826 Edredo
535 2762 693 2826 rebellant
702 2789 712 2841 3
736 2763 792 2826 sed
811 2763 851 2826 ab
872 2785 909 2829 eo
929 2765 1068 2847 graviter
1079 2764 1197 2844 afflicti,
1214 2763 1269 2828 ab·

314 2867 401 2950 jecto
416 2866 511 2944 Yrco,
527 2865 716 2929 muneribus
731 2873 764 2930 et
779 2866 945 2931 obsidibus
960 2868 1195 2932 satisfecerunt.

360 2969 445 3033 Α.Ι).
466 2971 542 3033 951.
573 2970 679 3034 Terrae
700 2977 808 3034 motus
830 2992 969 3054 magnus
991 2994 1049 3056 per
1072 2972 1212 3037 Galliam
1235 2977 1269 3036 et

319 3072 537 3136 Germaniam.

360 3179 446 3243 Α.Ι).
462 3181 537 3244 952.
568 3179 746 3262 Maguncia
760 3179 800 3243 ab
816 3180 947 3244 Othone
963 3180 1137 3245 obsidetur.

361 3283 446 3347 Α.Ι).
478 3285 553 3346 953.
592 3282 777 3346 Willelmus
806 3284 891 3346 filius
921 3283 1060 3347 Othonis
1090 3281 1270 3364 Magontiac

318 3386 528 3470 episcopatur.
572 3414 576 3420 ·
712 3389 714 3392 ’
811 3391 813 3398 ⁴

361 3490 446 3554 Α.Ι).
470 3493 544 3555 955.
575 3489 723 3554 Edredus
746 3491 817 3554 Rex
838 3489 939 3555 obiit:
966 3488 1119 3553 suecessit
1140 3488 1270 3553 Edwius

320 3593 435 3673 senior,
455 3593 541 3657 filius
561 3594 728 3657 Edmundi
743 3595 908 3679 quondam
923 3593 1018 3676 regis,
1030 3593 1158 3677 juvenis
1177 3600 1271 3677 petu-

319 3695 389 3759 lans
410 3701 442 3759 et
463 3717 483 3759 a
502 3695 648 3778 patribus
665 3696 731 3758 suis
747 3681 964 3778 degenerans:
989 3696 1095 3760 statim
1111 3703 1184 3781 post
1198 3719 1277 3781 pror

318 3800 495 3865 motionem
512 3820 604 3864 suam
618 3800 815 3863 monasteria
830 3799 979 3884 diripuit:
1005 3800 1163 3866 Sanctum
1177 3801 1272 3864 Dun-

319 3908 450 3965 stanum
473 3902 510 3966 in
533 3903 665 3966 exilium
686 3902 785 3980 misit,
809 3903 1114 3987 insurgentibusque
1137 3904 1172 3968 in
1197 3925 1272 3968 eum

318 4005 577 4088 tempestatibus,
598 4007 719 4090 majore
738 4013 829 4089 parte
851 4007 945 4091 regni
965 4008 1135 4072 mutilatus
1158 4013 1217 4085 est,
1239 4014 1273 4070 et

318 4115 388 4172 tota
403 4109 529 4174 Mercia
542 4109 671 4192 Edgaro
688 4109 836 4174 donatur.

361 4212 447 4276 Α.Ι).
469 4213 543 4276 956.
574 4213 722 4298 Edgarus
741 4213 854 4297 junior
873 4213 974 4279 frater
996 4235 1092 4300 super
1113 4213 1273 4293 Mereiam

319 4335 375 4379 rex
391 4320 441 4380 est
455 4315 571 4380 factus.
