3216 5104
356 605 400 670 96
654 624 851 669 cuaourcou
868 625 1004 668 ausuras

356 741 518 806 Henricus
537 739 622 806 filius
641 742 728 825 regis
747 741 901 806 nascitur.
946 741 1129 826 willelmus
1144 743 1306 809 Peverelle

354 846 584 914 exhaeredatur.
629 847 792 912 Robertus
807 845 998 912 Exoniensis
1018 846 1185 931 episcopus
1207 848 1306 913 obiit:

354 951 506 1016 suecessit
530 949 701 1015 Bobertus.
752 950 844 1015 Obiit
869 949 1036 1014 Martinus
1061 949 1160 1014 abbas
1184 951 1306 1035 Burgi:
1435 991 1440 1004 ·

353 1054 506 1119 successit
524 1053 705 1118 Willelmus
728 1053 768 1117 de
790 1053 987 1117 Waterville.
1035 1052 1197 1117 Adrianus
1220 1075 1305 1139 papa

352 1157 468 1221 urbem
481 1156 699 1220 Warmaciam
717 1157 754 1220 in
768 1155 972 1234 Alemannis,
993 1155 1034 1220 ob
1050 1157 1306 1222 vulnerationem

353 1259 532 1338 cardinalis,
555 1258 721 1343 usquead
744 1259 939 1342 condignam
965 1258 1226 1339 satisfactionem,
1249 1282 1306 1344 po·

352 1363 418 1428 sant
432 1363 492 1428 sub
507 1361 679 1428 interdicto
695 1384 763 1427 suo.
796 1363 949 1447 Stanleya
962 1362 1120 1426 fundatur
1135 1362 1175 1428 de
1186 1363 1306 1428 Cister-

354 1466 525 1532 aiensibus.

395 1570 481 1634 A.D.
493 1570 588 1636 1156.
618 1569 770 1634 Ellenora
783 1569 897 1653 regina
910 1568 1034 1653 peperit
1048 1568 1158 1648 filiam,
1173 1568 1306 1634 nomine

352 1673 536 1753 Matildem,
551 1678 689 1741 matrem
708 1679 820 1757 postea
841 1673 979 1738 Henrici
997 1672 1086 1737 ducis
1104 1673 1251 1738 Saxoniae
1272 1679 1307 1738 et

353 1778 492 1843 Othonis
506 1776 717 1862 imperatoris.
763 1775 854 1840 Obiit
868 1775 1051 1839 Willelmus
1066 1774 1150 1858 regis
1165 1772 1306 1839 Henrici

351 1881 596 1965 primogenitus.
642 1881 782 1963 Signum
793 1879 896 1943 crucis
910 1879 946 1943 in
960 1879 1040 1942 luna
1054 1878 1211 1962 apparuit.
1249 1879 1271 1944 J
1272 1900 1305 1944 o-

351 1985 476 2050 hannes
507 1983 744 2050 Salesbiriensis
774 1983 901 2066 scripsit
930 1982 1166 2068 Polycraticum
1198 2004 1304 2047 suum.

354 2089 492 2153 Sanctus
515 2088 654 2152 Alredus
680 2087 780 2152 abbas
805 2086 1016 2151 Rievallensis
1040 2107 1080 2151 ex
1104 2086 1221 2152 abbate
1242 2087 1304 2151 Re-

351 2192 510 2257 vesbiensi
533 2191 731 2276 epitaphium
749 2212 866 2276 regum
885 2192 1056 2256 Scotorum
1076 2191 1220 2276 scripsit3
1242 2192 1304 2255 Ar-

351 2295 462 2360 nulfus
481 2294 647 2379 episcopus
667 2295 876 2360 Luxovieusis
897 2295 1013 2360 claruit
1023 2320 1033 2374 3
1059 2292 1134 2380 [dis]
1140 2300 1304 2379 putatores

353 2397 615 2482 eloquentissimi.

395 2502 481 2566 A.D.
499 2504 594 2568 1157.
640 2500 797 2566 Ricardus
821 2501 907 2565 filius
933 2500 1018 2584 regis
1037 2521 1149 2566 mense
1169 2500 1305 2585 septimo

352 2605 514 2671 nescitam:
547 2612 639 2690 pater
668 2605 737 2689 ejus
763 2604 856 2669 duxit
878 2603 1055 2668 exercitum
1079 2602 1116 2665 iu
1140 2602 1303 2666 Walliam.

352 2712 497 2776 Ecclesia
510 2711 550 2775 de
565 2713 710 2790 Freston,
727 2731 802 2774 cum
817 2707 968 2773 omnibus
982 2706 1126 2786 officinis,
1137 2706 1305 2774 combusta

353 2821 412 2880 est.
457 2815 623 2881 Rolandus
647 2814 684 2878 in
706 2813 826 2877 Wallia
851 2811 987 2896 capitur.
1038 2811 1109 2874 Rex
1133 2810 1304 2876 Scotorum

353 2918 546 2983 Malcolmus
561 2917 691 2982 veniens
708 2916 897 2981 Karleolum
921 2915 963 2978 ad
981 2934 1093 2998 regem
1112 2911 1308 2993 Henricum,

352 3021 439 3106 apud
458 3021 616 3086 Oestriam
637 3042 747 3104 regem
766 3025 991 3104 prosequutus,
1015 3017 1093 3081 fecit
1115 3017 1303 3101 homagium

354 3147 449 3192 suum
457 3151 467 3206 ;
490 3126 621 3206 scilicet,
637 3124 731 3210 quale
746 3145 822 3188 avus
838 3143 915 3186 suus
930 3121 1049 3185 fecerat
1064 3141 1123 3184 avo
1138 3140 1197 3185 suo
1213 3120 1304 3184 Hen-

352 3230 419 3296 rieo
433 3230 546 3315 primo,
562 3229 655 3295 salvis
677 3227 738 3293 sibi
757 3225 972 3311 dignitatibus
993 3223 1059 3288 suis
1079 3229 1113 3288 ct
1126 3223 1303 3290 bonoribus

352 3334 518 3400 universis.

396 3436 482 3502 A.D.
499 3439 593 3501 1158.
639 3435 712 3500 Rex
725 3433 855 3517 Angliae
877 3431 1040 3498 Henricus
1061 3437 1094 3496 et
1114 3453 1172 3496 rex
1188 3431 1305 3498 Scotiae

351 3539 545 3605 Malcolmus
571 3539 657 3623 apud
683 3538 872 3602 Karleolum
897 3542 1110 3615 occurrentes,
1141 3535 1302 3602 discordes

351 3643 555 3708 abinvicem
582 3648 794 3707 recesserunt.
841 3642 911 3705 Rex
938 3640 1100 3704 Henricus
1129 3639 1234 3723 primo
1260 3640 1302 3704 ad

351 3744 554 3810 lincolniam
576 3744 613 3808 in
635 3743 794 3828 Wigsord,
821 3743 960 3809 secundo
986 3743 1072 3828 apud
1098 3743 1301 3808 Wintoniam

351 3854 541 3927 coronatum
565 3847 680 3913 exinde
694 3869 783 3912 mare
803 3848 972 3925 transiens,
987 3845 1162 3913 honorifice
1184 3869 1204 3912 a
1224 3867 1301 3929 rege

351 3953 549 4019 Francorum
564 3950 693 4016 Parisiis
709 3951 891 4036 suscipitur.
922 3950 1087 4015 Galfridus
1101 3950 1201 4016 irater
1214 3948 1300 4034 regis

350 4056 440 4122 obiit.
486 4055 650 4121 Galfridus
665 4076 772 4121 comes
786 4055 965 4119 Britanniae
985 4055 1139 4126 nascitur.
1184 4053 1301 4118 Mone-

349 4160 424 4227 tarii
437 4181 494 4246 per
508 4160 662 4246 Angliam
676 4159 870 4224 mutilantur
877 4184 887 4238 3
910 4157 1041 4224 ditiores
1061 4157 1199 4243 pecunia
1216 4157 1300 4221 mul-

350 4269 473 4329 tantur.
