3226 5100
467 639 470 646 ι
596 597 598 603 '
629 619 918 668 rsrnrnunonusu.
1205 601 1245 662 61

296 735 449 802 cathedra
474 735 647 800 collocavit.
704 737 793 820 Papa
819 734 994 819 Gregorius
1024 735 1248 800 Beneventum

295 841 423 924 repetit,
445 839 554 923 ibique
573 861 674 924 usque
694 839 735 902 ad
754 845 892 904 mortem
912 861 1004 902 suam
1022 860 1147 904 moram
1169 841 1246 924 agit.

297 944 409 1008 Bruno
425 943 571 1007 ordinem
586 943 848 1007 Oarthusiensem
863 942 1015 1006 instituit.

340 1046 424 1109 Α.Ι).
443 1048 537 1109 1084.
574 1046 749 1129 Gregorius
764 1067 846 1130 papa
861 1046 950 1125 obiit,
966 1052 1040 1130 post
1056 1068 1151 1128 quem
1167 1047 1247 1110 elec-

296 1156 349 1213 tus
374 1134 422 1213 est
448 1149 635 1214 Desideras
661 1148 760 1212 abbas
787 1149 979 1228 casinensis,
1003 1150 1248 1214 strictonius

296 1253 354 1316 III
375 1257 423 1317 est
444 1252 548 1316 dictus
557 1277 567 1330 3
591 1251 656 1335 qui,
673 1251 797 1315 duobus
817 1251 984 1315 mensibus
1004 1252 1148 1335 expletis,
1170 1253 1248 1316 dum

298 1357 428 1420 missam
444 1355 630 1434 celebraret,
642 1355 740 1418 calice
754 1376 878 1418 veneno
888 1355 1008 1419 infecto
1023 1362 1169 1419 mortuus
1182 1363 1247 1420 est:

296 1459 346 1522 cui
369 1458 521 1523 successit
543 1457 707 1542 episcopus
731 1457 888 1521 Ostiensis
909 1458 991 1536 Odo,
1012 1458 1175 1541 quondam
1198 1479 1247 1524 ar·-

297 1561 503 1625 chidiaconus
535 1559 715 1638 Remensis,
747 1559 863 1623 deinde
900 1561 986 1643 prior
1016 1560 1247 1640 Cluniacensis,

213 1717 215 1721 ,
297 1663 428 1727 tandem
447 1663 483 1726 in
504 1663 697 1740 Ostiensem,
712 1661 789 1726 inde
808 1663 844 1724 in
865 1662 1048 1746 episcopum
1064 1663 1249 1727 Romanum

295 1773 471 1849 promotus,
496 1772 530 1829 et
556 1765 661 1828 dictus
686 1764 840 1828 Urbanus
867 1764 915 1826 II.
971 1767 1041 1828 Rex
1066 1765 1248 1829 Willelmus

298 1870 383 1953 capit
399 1870 439 1933 de
453 1889 646 1952 unaquaque
660 1867 737 1932 hida
752 1867 880 1951 Angliae
896 1887 951 1930 sex
966 1867 1092 1932 solidos.
1145 1910 1147 1914 .

341 1973 426 2035 Α.Ι).
453 1973 546 2034 1085.
596 1969 724 2034 Cnutus
749 1991 806 2033 rex
831 1970 1000 2033 Danorum
1027 1991 1102 2034 cum
1130 1991 1249 2053 magno

298 2075 449 2154 exercitu,
470 2082 504 2138 et
524 2075 652 2158 navigio
671 2074 759 2138 mille
778 2075 908 2153 ratium,
926 2073 1080 2157 Angliam
1099 2074 1249 2139 invadere

296 2185 406 2262 parat:
429 2199 485 2242 rex
500 2198 575 2241 vero
590 2177 714 2241 auxiliis
729 2177 944 2260 undecunque
959 2177 1078 2256 accitis,
1095 2177 1248 2261 stipendi-

297 2281 371 2345 ariis
389 2281 544 2345 militibus
560 2287 593 2344 et
608 2281 781 2364 sagittariis
801 2303 939 2366 regnum
959 2283 1099 2345 multum
1118 2289 1228 2364 gravat
1238 2308 1248 2360 3

297 2384 354 2447 sed
375 2372 568 2467 praevalente
582 2384 738 2448 Willelmi
752 2385 837 2467 regis
852 2384 989 2467 pecunia
1002 2385 1037 2448 in
1052 2385 1157 2449 bursis
1173 2407 1247 2450 con-

298 2487 490 2551 siliariorum
506 2488 616 2566 Cnuti,
633 2495 767 2552 conatus
783 2489 852 2570 ejus
866 2487 1013 2571 impediti
1029 2495 1116 2551 sunt.
1138 2556 1140 2560 ,

329 2590 425 2655 .A.D.
450 2591 545 2654 1086.
590 2591 672 2654 'Pota
691 2590 812 2674 Anglia
827 2589 921 2674 jussu
938 2591 1023 2673 regis
1039 2589 1247 2669 describitur3

297 2693 350 2756 hic
365 2693 483 2756 dicitur
496 2693 845 2787 rotulusWincestriae,
863 2700 1021 2775 quantum
1038 2699 1132 2757 terrac
1147 2714 1247 2776 quan-

296 2803 432 2880 tumque
448 2795 590 2878 pecuniae
606 2796 707 2879 quivis
722 2795 866 2860 haberet.
907 2795 1031 2860 Eodem
1047 2817 1132 2860 anno
1147 2796 1247 2860 fideli-

296 2905 398 2962 tatem
413 2898 482 2980 regi
503 2897 698 2963 Saresburiae
714 2920 825 2962 omnes
836 2898 992 2982 jurabant
1008 2905 1121 2963 contra
1136 2919 1247 2962 omnes

297 2999 453 3063 homines.
499 3000 592 3064 Acris
606 3000 813 3084 intemperies
828 3007 861 3063 et
877 3001 1066 3064 animalium
1080 3001 1187 3083 pestis.

342 3103 426 3166 A.D.
443 3105 538 3168 1087.
578 3104 734 3186 Reliquiae
749 3103 852 3167 sancti
866 3102 994 3166 Nicolai
1010 3102 1050 3165 de
1065 3103 1187 3166 Mirrea
1207 3103 1249 3176 ad

299 3205 420 3268 Barum
441 3227 498 3288 per
516 3213 633 3268 nautas
654 3207 811 3268 Berenses
827 3209 860 3266 et
875 3210 1067 3266 mercatores
1084 3203 1249 3278 translatae

300 3313 386 3370 sunt.
433 3308 503 3370 Rex
525 3327 600 3369 vero
623 3307 805 3369 Willelmus
829 3305 1064 3388 expeditionem
1087 3305 1122 3367 in
1148 3307 1248 3373 Fran-

300 3406 383 3468 ciam
407 3406 447 3469 de
470 3405 675 3468 Normannia
704 3427 843 3483 movens,
871 3406 1066 3469 Machutum
1095 3407 1248 3490 oppidum

299 3508 455 3586 incendit,
482 3528 519 3571 ac
548 3508 584 3570 in
609 3506 774 3571 redeundo
798 3506 948 3570 morbum
972 3507 1128 3571 inermit:
1160 3508 1248 3572 unde

295 3610 413 3692 ¹viginti
433 3610 526 3672 annis
547 3617 580 3673 et
599 3609 751 3673 undecim
766 3608 930 3672 mensibus
944 3610 980 3672 in
994 3630 1094 3692 regno
1109 3610 1247 3694 Angliae,

298 3714 335 3777 in
355 3715 511 3777 comitatu
529 3735 603 3777 vero
622 3712 833 3776 Normanniae
848 3711 1083 3795 quinquaginta
1102 3713 1195 3777 annis
1216 3721 1251 3777 et,

299 3814 450 3878 undecim
470 3815 634 3879 mensibus
654 3815 797 3898 expletis,
812 3821 959 3878 mortuus
978 3821 1026 3877 est
1034 3841 1044 3892 3
1068 3822 1143 3879 ante
1162 3837 1247 3878 mor-

299 3925 367 3981 tem
397 3939 489 3982 suam
518 3939 628 3982 omncs
658 3918 781 3981 vinctos
811 3916 965 3981 absolvit:
999 3918 1086 3981 unde
1115 3918 1249 3991 fratrem

299 4042 393 4084 suum
415 4021 573 4099 Odonem,
594 4021 803 4085 Baiocensem
825 4020 1018 4104 episcopum,
1042 4027 1075 4084 et
1097 4021 1248 4085 comitem

300 4123 509 4201 Morcarium,
529 4131 562 4187 et
579 4125 742 4207 Rogerum
766 4123 896 4201 Siuard,
918 4123 1016 4186 ctiam
1036 4129 1249 4206 cognomento

301 4222 400 4300 Baru,
415 4231 449 4286 et
463 4222 657 4285 Wulnotum
674 4222 810 4286 Haroldi
832 4222 915 4304 regis
938 4243 1137 4303 germanum,
1154 4242 1249 4304 quern
