3216 5104
354 556 418 618 128
652 573 850 616 ennonrcorv
868 572 1003 616 anonim

352 691 583 775 pitalariorum.
639 689 729 753 Obiit
757 689 922 752 Honorius
946 712 1047 773 papa3
1078 690 1131 753 cui
1155 692 1307 756 successit

354 793 549 876 Hugolinus,
567 793 724 856 Ostiensis
747 793 921 877 episcopus,
944 793 979 855 in
1002 800 1156 876 papatum
1175 795 1306 874 electus,

353 906 388 962 et
411 904 542 960 vocatus
570 897 745 978 Gregorius
775 897 833 959 IX.
892 896 960 959 Iste
991 904 1136 960 sanctam
1162 898 1306 966 Elizabe-

352 1000 453 1079 tham,
474 1001 571 1064 filiam
595 1001 679 1081 regis
703 1000 889 1081 Hungariae,
912 1007 945 1063 et
966 1001 1111 1064 relictam
1136 1000 1309 1084 langravii

354 1102 444 1168 ducis
459 1105 655 1186 Thuringiae,
671 1104 881 1167 canonizavit.
916 1105 1108 1188 Compilavit
1124 1106 1221 1168 etiam
1235 1107 1307 1185 iste,

352 1229 410 1292 per
420 1207 553 1270 fratrem
566 1206 797 1291 Raymundum
808 1206 928 1270 ordinis
943 1207 1191 1290 praedieatorum
1205 1210 1308 1292 poeni-

353 1309 551 1386 tentiarium,
568 1316 601 1371 et
620 1309 814 1392 capillanum
835 1331 939 1386 suum,
956 1311 1155 1393 expluribus
1175 1313 1308 1375 volumi-

354 1413 451 1476 nibus
476 1434 579 1475 unum
603 1412 723 1474 librum
749 1412 957 1476 decretalium
968 1440 977 1492 3
1004 1415 1162 1478 mandans
1188 1415 1308 1499 ubique

355 1515 538 1581 doctoribus
560 1514 616 1578 illo
638 1515 706 1578 uti:
731 1516 924 1579 sententiam
948 1514 1056 1595 etiam,
1076 1541 1172 1601 quam
1196 1517 1308 1583 Hono-

353 1622 420 1684 rius
435 1620 471 1684 in
486 1618 702 1695 Fredericum,
720 1618 859 1682 ecclesiae
875 1619 937 1682 Dei
955 1640 1184 1702 oppressorem,
1199 1621 1308 1684 fulmi-

354 1730 497 1801 naverat‚
513 1721 683 1786 roboravit.
720 1720 883 1784 Galfridus
899 1722 1065 1805 episeopus
1079 1723 1218 1786 Eliensis
1233 1744 1308 1786 cou-

356 1834 498 1892 secratus
514 1833 572 1889 est.
959 1857 962 1861 ·

399 1932 484 1994 A.D.
510 1929 605 1993 1226.
652 1927 743 1991 Obiit
767 1926 949 1990 Alexander
975 1926 1073 1991 abbas
1101 1929 1204 2010 Burgi
1215 1953 1224 2006 3
1258 1928 1310 1992 cui

357 2036 509 2099 successit
531 2036 706 2099 Martinus.
757 2035 848 2099 Obiit
874 2043 1004 2098 sanetus
1031 2036 1229 2114 ffiaueiscus,
1254 2036 1309 2099 ad-

356 2140 506 2203 inventor
523 2139 644 2202 ordinis
664 2139 801 2202 fratrum
821 2138 993 2201 minorum.
1040 2138 1197 2201 Ricardus
1212 2139 1308 2202 etiam

357 2266 462 2308 comes
485 2243 666 2320 Cornubiae,
690 2243 790 2306 frater
811 2243 905 2324 regis,
928 2264 1003 2306 cum
1025 2264 1144 2326 magno
1168 2244 1310 2306 exercitu
1338 2232 1341 2237 ’

358 2347 456 2411 adivit
481 2347 666 2410 Pictaviam.
712 2347 785 2410 Hoc
811 2353 955 2429 tempore
978 2347 1163 2410 Falchasius
1188 2347 1309 2410 curiam

359 2453 538 2514 Romanam
569 2449 688 2528 adiens,
714 2471 843 2532 gravem
869 2449 1032 2532 querelam
1062 2450 1101 2512 de
1127 2450 1310 2533 justitiariis

357 2555 442 2636 regis
458 2553 595 2634 ciogliae,
611 2561 644 2616 et
664 2553 765 2616 totius
787 2560 881 2616 terrae
905 2553 1067 2636 episeopis,
1088 2553 1123 2616 in
1146 2553 1311 2617 audientia

359 2657 479 2721 domini
510 2677 600 2739 papae
629 2657 803 2738 proposuit,
835 2656 964 2719 dicens:
997 2661 1018 2690 “
1033 2656 1179 2720 Piissime
1208 2664 1310 2740 pater,

360 2782 460 2843 quum
480 2781 519 2822 ex
538 2759 660 2842 injusta
681 2760 907 2843 archiepiscopi
928 2760 1169 2823 Cantuariensis
1190 2767 1223 2824 et
1243 2782 1310 2824 om-

359 2849 455 2927 nium·
466 2864 686 2947 episcoporum
702 2864 873 2941 sententia,
888 2864 991 2925 multa
1006 2863 1085 2926 mihi
1101 2863 1220 2927 damna
1238 2886 1310 2947 pro-

358 2974 528 3045 venerunt,
546 2967 629 3030 sicut
645 2967 772 3030 amissio
791 2966 887 3029 castri
906 2967 979 3043 mei,
996 2973 1029 3030 et
1046 2988 1156 3031 rerum
1176 2967 1311 3030 interius

360 3077 607 3148 contentarum3
630 3070 811 3133 interfectio
826 3070 932 3132 fratris
947 3071 1020 3148 mei,
1037 3077 1070 3133 et
1085 3071 1220 3133 aliorum
1235 3092 1311 3134 con-

359 3175 609 3258 sanguineorum
624 3195 779 3248 meorum,
795 3194 855 3236 nec
870 3194 937 3236 non
952 3181 984 3236 et
1000 3173 1145 3252 aliorum,
1162 3175 1217 3256 qui
1237 3173 1306 3258 [ad]

321 3354 324 3358 ¹
360 3301 412 3342 me
429 3280 502 3363 jure
521 3278 650 3342 familiae
670 3277 896 3361 pertinebant3
920 3284 952 3340 et
971 3277 1104 3340 infamia
1120 3278 1232 3360 gravis,
1249 3299 1312 3360 qua

359 3383 446 3445 inter
460 3383 580 3444 vicinos
595 3402 691 3458 meos,
705 3380 790 3464 apud
806 3402 885 3463 quos
900 3381 1085 3458 clamarem,
1102 3403 1159 3464 per
1174 3382 1311 3444 detesta-

359 3485 483 3548 tionem
500 3487 640 3568 ipsorum
661 3485 867 3567 praelatorum
887 3505 1032 3566 aspersus
1052 3506 1123 3546 sum
1132 3511 1142 3563 3
1166 3485 1312 3568 spoliatio

360 3587 469 3651 uxoris
492 3609 581 3665 meae,
606 3588 664 3651 filii
688 3587 760 3665 mei,
786 3593 818 3650 et
842 3571 981 3650 aliorum
1002 3589 1313 3669 consanguineorum

362 3712 526 3767 meorum3
549 3691 693 3753 detentio
708 3691 867 3754 bonorum
882 3712 1037 3770 meorum,
1050 3713 1086 3755 ac
1102 3692 1232 3754 demum
1248 3692 1311 3755 exi-

361 3796 451 3870 lium,
468 3793 554 3875 quod
574 3793 693 3875 absque
714 3793 808 3876 culpa
826 3815 899 3858 mea
918 3796 1078 3858 sustineo:
1102 3817 1203 3879 quum
1223 3797 1313 3859 nulia

361 3896 444 3960 ratio
467 3896 618 3979 patiatur,
642 3902 680 3958 ut
709 3903 795 3958 terra
818 3897 949 3961 defensa
971 3919 1029 3981 per
1051 3920 1103 3962 me
1127 3921 1233 3962 carere
1258 3901 1313 3962 de·

363 4002 456 4065 beam
465 4026 474 4076 3
498 3999 640 4082 supplico
661 4000 824 4063 sanctitati
843 4009 967 4080 vestrae,
989 4009 1147 4084 quatenus
1167 4004 1246 4066 mihi
1265 4004 1311 4066 fa-

362 4106 450 4168 mulo
467 4110 581 4180 vestro,
604 4103 639 4165 in
661 4104 816 4166 honorem
839 4106 989 4182 crucifixi,
1014 4113 1046 4169 et
1068 4107 1103 4170 in
1125 4108 1334 4171 memoriam

364 4209 549 4286 devotionis,
566 4229 662 4290 quam
682 4229 806 4290 semper
827 4209 927 4272 habui
949 4211 989 4274 ad
1013 4211 1177 4274 eeclesiam
1195 4213 1311 4275 Boma-
