3212 5102
395 619 438 680 86
696 636 895 682 onnourcou
913 637 1049 680 susurra

395 753 525 831 nardus,
540 752 641 816 intrat
659 752 826 817 ecclesiam
841 758 873 817 et
888 752 1019 816 mirsam
1037 751 1235 836 percelebrat
1244 778 1254 831 3
1276 757 1354 820 tan-

396 857 470 921 dem
491 862 563 940 post
578 856 693 939 Agnus
713 856 776 920 Dei
796 856 929 935 dictum,
953 877 1049 940 super
1065 861 1218 939 patenam
1233 876 1350 941 corpus

396 959 529 1024 Domini
553 959 649 1037 tollit,
674 965 707 1023 et
731 958 773 1022 ad
798 958 949 1029 comitem
971 957 1048 1020 exiit
1072 958 1166 1021 vultu
1190 958 1351 1036 flammeo,

397 1083 493 1145 quem
515 1065 694 1144 aggreSsus,
716 1060 764 1124 ita
784 1060 912 1124 loeutus
938 1065 1005 1124 est:
1035 1065 1057 1095 “
1070 1060 1268 1144 supplicavit
1289 1061 1352 1126 tibi

397 1185 560 1228 servornm
574 1163 638 1228 Dei
658 1162 843 1243 multitudo,
864 1171 898 1227 et
915 1163 1062 1247 sprevisti
1072 1191 1082 1242 ;
1106 1185 1180 1228 eece
1198 1164 1287 1228 venit
1310 1164 1352 1228 ad

395 1275 429 1331 te
451 1267 546 1331 Jesns
569 1266 726 1344 Christis,
752 1267 808 1350 qui
830 1272 879 1330 est
904 1271 1001 1350 caput
1024 1267 1165 1330 ecelesiae
1191 1288 1290 1350 quam
1312 1272 1352 1330 tu

395 1370 593 1456 persequeris
601 1397 611 1449 3
628 1369 718 1433 adest
729 1369 830 1453 judex
844 1375 931 1447 tuus,
947 1369 982 1432 in
997 1369 1090 1453 cujus
1105 1368 1237 1433 nomine
1253 1389 1352 1432 omne

396 1497 482 1558 genu
507 1475 664 1552 flectatur,
689 1473 876 1551 coelestium,
900 1472 1113 1550 terrestrium,
1145 1480 1178 1536 et
1207 1471 1351 1536 inferno-

396 1599 470 1642 rum
477 1604 489 1658 3
511 1577 602 1641 adest
613 1577 714 1662 judex
727 1583 815 1654 tuus,
825 1577 861 1639 in
876 1576 968 1660 cujus
982 1597 1084 1639 manu
1097 1575 1153 1639 illa
1167 1581 1226 1639 tua
1241 1575 1350 1639 anima

396 1681 563 1758 deveniet;
586 1679 744 1764 numquid
759 1685 793 1743 et
807 1679 913 1762 ipsum
928 1700 1059 1763 spernes
1067 1679 1103 1742 ?'’
1152 1679 1232 1744 Haeo
1248 1685 1281 1743 et
1297 1679 1352 1741 his

396 1784 512 1848 similia
535 1784 736 1848 sanctoriro
761 1783 898 1861 dicente,
925 1781 1075 1847 omnibus
1099 1780 1353 1866 lacrymantibus

396 1889 452 1972 qui
477 1888 621 1966 aderant,
644 1908 750 1951 comes
775 1885 907 1970 diriguit
930 1894 963 1950 et
985 1885 1116 1964 corruit,
1140 1885 1237 1968 quem
1261 1885 1353 1969 quasi

395 1991 601 2075 epilepticum
630 1980 663 2054 et
689 1991 851 2074 jacentem
881 1988 982 2053 abbas
1010 1988 1093 2072 pede
1121 1988 1263 2071 pulsans,
1288 1988 1352 2052 Dei

394 2091 490 2177 jubet
505 2092 616 2156 andire
635 2091 838 2172 sententiam,
854 2097 888 2155 et
908 2113 1050 2175 surgere.
1095 2096 1116 2128 “
1125 2092 1270 2155 Praesens
1293 2098 1352 2169 est,

398 2195 515 2278 inquit,
539 2195 704 2279 episcopus
724 2195 931 2273 Pictavensis,
956 2216 1052 2278 quem
1076 2194 1116 2259 de
1142 2194 1275 2258 ecclesia
1296 2214 1356 2258 rna

398 2298 565 2381 expulisti:
587 2297 667 2360 vade
682 2303 715 2361 et
730 2298 934 2362 reconciliare
949 2298 989 2376 ei,
1004 2297 1155 2362 restituas
1171 2298 1269 2362 etiam
1286 2319 1353 2360 suae

398 2401 474 2480 sedi,
491 2400 626 2466 subdere
642 2401 835 2465 Innocentio
849 2423 949 2486 papae,
962 2401 1015 2465 cui
1028 2407 1099 2466 tota
1114 2408 1226 2466 saneta
1241 2401 1354 2466 obedit

399 2505 559 2570 ecelesia.'’
615 2505 730 2569 Comes
764 2525 943 2584 accurrens,
974 2506 1084 2570 omnia
1113 2505 1174 2570 sibi
1202 2505 1352 2590 injuncta

399 2607 580 2690 complevit.
601 2606 763 2670 Gerardus
775 2608 941 2691 episcopus
953 2608 1218 2690 Engolismensis,
1231 2614 1353 2673 sanctae

398 2709 540 2774 ecelesiae
568 2709 761 2774 fortissimus
789 2711 889 2793 pugil,
921 2711 958 2774 in
986 2711 1159 2776 schismate
1190 2712 1354 2795 qnondam

400 2812 547 2893 Burdini,
563 2819 727 2897 tantaeque
749 2814 958 2894 auctoritatis,
981 2821 1020 2878 nt
1041 2815 1077 2878 in
1099 2815 1233 2880 coneilio
1256 2815 1352 2879 Late-

400 2917 540 2997 ranensi,
557 2916 686 3001 qnando
704 2917 918 2982 Teutonicum
935 2917 1137 3001 privilegium
1152 2918 1352 2997 'cassabatnn

400 3022 468 3105 ipse
496 3021 613 3086 missus
642 3042 700 3104 pro
729 3027 799 3085 toto
825 3021 960 3085 concilio
984 3029 1139 3105 surgeret,
1164 3029 1197 3087 et
1215 3022 1353 3107 jubente

401 3125 531 3189 domino
545 3147 637 3209 papa,
653 3123 848 3189 sententiam
862 3125 1004 3207 legeret3
1024 3125 1092 3209 jam
1107 3146 1181 3189 vero
1202 3126 1239 3188 in
1261 3126 1352 3190 senio

399 3230 557 3293 maximus
586 3229 782 3293 adversarius
809 3228 1028 3294 schismaticus
1057 3230 1204 3308 moritur,
1234 3237 1267 3294 et
1294 3251 1352 3314 per

403 3333 585 3397 Galfridum
601 3333 833 3397 Carnotensem
848 3352 963 3416 corpus
986 3333 1055 3416 ejus
1077 3332 1239 3396 defossum
1261 3341 1353 3398 extra

402 3438 568 3501 ecelesiam
596 3436 773 3520 projicitur.
834 3436 1006 3514 Henricus,
1037 3434 1136 3500 abbas
1165 3435 1279 3520 Burgi,
1310 3437 1351 3501 de

401 3543 523 3624 Burgo,
539 3562 635 3623 quam
651 3539 782 3619 dimisit,
795 3539 835 3602 ad
850 3539 1118 3623 Andegavensem
1132 3539 1238 3606 rediit.
1282 3540 1351 3605 Ab·

399 3644 487 3707 batia
509 3642 718 3706 Rierallensir
740 3641 906 3722 fundatur,
925 3642 992 3706 filia
1014 3642 1220 3708 Clareualliae.
1265 3643 1353 3707 Item

400 3746 530 3810 abbatia
545 3745 584 3808 de
599 3745 767 3808 Fontibus.
979 3807 986 3822 ‚

444 3849 529 3912 A.D.
547 3849 642 3910 1133.
680 3846 852 3925 Robertus,
875 3868 981 3911 comes
1004 3848 1166 3931 qnondam
1189 3848 1354 3913 Normen-

401 3974 528 4031 norum,
553 3957 585 4014 et
611 3951 712 4014 frater
741 3951 825 4032 regis
852 3951 997 4030 Henriei,
1022 3951 1103 4016 obiit
1131 3952 1168 4015 in
1196 3951 1351 4016 custodia.

401 4057 507 4121 Terrae
526 4059 632 4119 motus
647 4075 705 4138 per
719 4054 884 4137 Angliam.
921 4055 1058 4140 Eolipsis
1074 4054 1149 4119 solis
1164 4061 1279 4138 quarto
1294 4075 1352 4119 no-

401 4182 517 4226 narum
533 4159 685 4241 Augusti,
700 4159 781 4222 feria
800 4165 924 4241 quarta.
971 4160 1021 4223 De
1035 4157 1232 4243 principibus
1247 4163 1354 4221 trans-

403 4265 518 4351 alpinis
537 4263 625 4328 solus
641 4261 789 4346 Rogerns
806 4258 932 4327 Siculus
948 4285 982 4327 se
997 4271 1110 4328 contra
1124 4260 1353 4326 Innocentium
