3216 5104
370 613 433 677 108
709 628 906 674 cnaouicon
924 628 1060 671 aucun

410 749 501 813 An,
521 749 615 812 1191.
665 746 755 811 Obiit
781 747 931 811 Clemens
956 767 1039 829 papa
1050 770 1059 822 3
1091 743 1144 808 cui
1170 743 1321 809 successit

368 851 549 916 celestinus
564 851 631 929 III,
648 851 704 934 qui
718 850 821 934 primo
842 849 894 913 die
913 849 1119 933 pontificatus
1135 847 1186 911 sui
1201 846 1321 911 Henri-

367 976 442 1020 cum
457 954 560 1017 filium
575 953 736 1017 Frederici
753 952 917 1017 coronavit
936 951 1173 1035 imperatorem,
1189 957 1222 1014 et
1236 949 1322 1014 infra

367 1057 509 1141 primum
533 1078 653 1120 annum
677 1077 771 1120 suum
792 1055 992 1119 canonizavit
1015 1061 1164 1118 sanctum
1186 1054 1322 1117 Petrum

367 1159 640 1243 archiepiscopum
669 1158 957 1235 Tarentasiensem,
988 1163 1021 1220 et
1051 1163 1201 1220 sanctum
1229 1156 1321 1220 Alre-

368 1262 447 1325 dum
485 1260 635 1325 abbatem
667 1261 911 1338 Rievallensem,
943 1258 1053 1323 ambos
1083 1259 1321 1323 cistercienses

367 1367 506 1430 Inventa
530 1371 607 1428 sunt
632 1386 704 1429 ossa
725 1365 810 1447 regis
833 1364 971 1428 Arthuri
997 1363 1083 1447 apud
1107 1363 1320 1426 Glastoniam.

367 1467 536 1552 Philippus
557 1489 614 1531 ror
633 1467 777 1532 Francia
797 1467 837 1530 ad
852 1467 968 1531 Achon
989 1465 1227 1530 transfretavit:
1252 1464 1322 1527 Ber

367 1592 442 1635 vero
462 1570 619 1636 Ricardus
639 1593 698 1654 pro
718 1570 910 1636 victualibus
933 1570 1114 1654 quaerendis
1129 1569 1163 1633 in
1178 1569 1322 1653 Cyprum
1340 1581 1342 1585 “

368 1674 530 1758 appulsus,
554 1695 625 1738 eam
652 1674 714 1738 sibi
740 1673 887 1758 subjecit.
933 1673 987 1738 Ibi
1012 1673 1104 1738 duxit
1128 1673 1164 1736 in
1189 1693 1322 1736 uxorem

368 1776 607 1860 Borangariam,
629 1776 730 1840 filiam
752 1777 837 1860 regis
860 1776 1077 1856 Navariensis,
1101 1798 1160 1860 per
1184 1782 1322 1840 matrem

369 1901 461 1944 suam
480 1880 557 1944 illuc
577 1879 766 1944 adductam:
791 1879 924 1944 tandem
944 1881 981 1943 in
1000 1879 1150 1944 omnibus
1172 1900 1323 1963 prospere

369 2003 477 2065 agens,
508 1982 549 2047 ad
578 1981 695 2046 thon
731 1982 764 2048 iu
798 1982 992 2047 Pentecoste
1019 1982 1108 2046 venit
1118 2007 1128 2060 3
1166 1989 1322 2067 captaque

368 2085 494 2162 thon,
510 2105 566 2148 rex
581 2084 734 2163 Francioe,
749 2084 862 2149 morbo
878 2085 1038 2163 simulat0,
1054 2085 1248 2168 repatriavit.

413 2187 497 2251 A.D.
524 2189 618 2251 1192.
665 2187 860 2252 Marchisius
886 2187 926 2251 de
950 2187 1186 2252 Monteferrato
1211 2188 1322 2252 incau-

369 2289 435 2354 tius
458 2309 516 2373 per
535 2289 656 2374 Tyrum
680 2291 840 2373 equitans,
864 2313 883 2354 a
907 2290 1032 2354 duobus
1056 2291 1232 2370 Saracenis,
1252 2291 1277 2354 i.
1293 2313 1321 2355 e.

369 2392 551 2470 hassasinis,
574 2393 697 2456 occisus
719 2400 786 2472 est3
810 2394 902 2477 cujus
926 2415 1060 2458 uxorem
1084 2415 1141 2458 rex
1165 2394 1323 2458 Ricardus

270 2576 274 2583 Ι
370 2494 460 2558 dedit
476 2495 619 2559 Henrico
640 2495 751 2560 comiti
770 2496 1023 2576 'drocensium
1043 2517 1144 2580 regno
1159 2498 1179 2559 J
1181 2497 1322 2580 erosoly-

370 2599 503 2677 mitono,
520 2598 672 2663 Guidone
687 2621 762 2683 rege
777 2601 1011 2679 consentiente,
1026 2601 1079 2664 cui
1093 2621 1150 2665 rex
1165 2601 1321 2665 Rioardus

371 2701 460 2766 dedit
476 2701 619 2786 Cyprum
633 2703 786 2766 insulam.
834 2703 944 2767 Multa
958 2703 1043 2767 bella
1057 2725 1206 2788 prospere
1222 2703 1321 2787 gessit

370 2826 427 2869 rex
442 2804 599 2869 Ricardus
613 2805 649 2868 in
663 2805 762 2870 Terra
778 2807 898 2870 Sancta
911 2807 972 2870 hoc
987 2828 1082 2871 anno.

414 2907 500 2972 An.
527 2910 621 2972 1193.
667 2907 777 2974 Quum
802 2930 859 2974 rex
885 2909 1042 2974 Ricardus
1065 2916 1169 2975 totam
1191 2911 1323 2975 Terram

373 3011 537 3090 Sanctam,
562 3018 679 3096 praeter
705 3012 806 3076 solam
832 3013 1078 3096 Jerusolymam,
1106 3035 1177 3097 quae
1202 3035 1324 3078 merces

372 3120 441 3179 erat
455 3113 611 3194 laborum,
628 3114 839 3199 subjugasset,
856 3136 894 3180 ac
907 3116 1011 3199 ipsam
1025 3116 1180 3196 obsidere,
1192 3123 1225 3180 et
1239 3116 1325 3181 bello

372 3218 471 3281 finem
493 3218 658 3302 imponere
684 3218 883 3298 decrevisset,
903 3219 1010 3284 subito
1031 3242 1050 3283 a
1070 3219 1151 3284 duce
1172 3221 1324 3303 Burgun-

373 3320 434 3386 diae
461 3327 493 3384 et
519 3322 663 3387 exercitu
687 3323 831 3386 Franciae
857 3322 1008 3406 deceptus
1034 3329 1067 3386 et
1093 3323 1238 3387 desertus
1264 3330 1323 3387 est.

374 3424 511 3490 Interim
537 3427 671 3490 audiens
694 3426 826 3491 fratrem
856 3449 951 3491 snum
976 3428 1161 3492 Johannem
1187 3450 1325 3511 regnum

372 3528 502 3610 Angliae
517 3529 676 3607 affectare,
692 3536 725 3593 et
739 3529 925 3614 Philippum
945 3551 1056 3614 regem
1076 3532 1220 3596 Franciae
1238 3532 1325 3596 Nor-

373 3631 540 3695 manniam
559 3631 644 3696 bello
664 3632 827 3712 invasisse,
847 3634 970 3717 treugis
993 3656 1012 3698 a
1036 3634 1188 3700 Saladino
1210 3636 1326 3720 saepius

373 3734 543 3817 postulatis
568 3735 603 3797 in
628 3734 807 3798 triennium
830 3738 1012 3817 consensit,
1045 3744 1078 3802 et
1101 3739 1328 3804 commendata

374 3835 473 3900 Terra
503 3835 623 3900 Sancta
653 3836 796 3902 Henrico
821 3841 932 3904 comiti
956 3841 1115 3920 Trecensi,
1142 3863 1243 3925 quum
1267 3863 1326 3926 per

369 3937 602 4001 Alemanniam
620 3938 723 4003 redire
743 3938 935 4023 disponeret,
950 3963 1018 4006 non
1032 3943 1068 4005 in
1082 3943 1222 4028 coquina
1236 3943 1327 4008 ducis

374 4041 525 4122 Austriae,
540 4048 579 4106 ut
593 4043 741 4121 refertur,
757 4043 813 4106 sed
830 4043 866 4106 in
884 4044 967 4109 lecto
982 4066 1041 4110 suo
1056 4045 1217 4111 dormiens
1230 4047 1326 4110 meri-

375 4143 437 4224 die,
459 4166 517 4229 per
537 4146 639 4229 pueri,
661 4147 717 4230 qui
735 4146 801 4210 dux
823 4154 893 4211 crat
916 4147 1051 4228 itineris,
1073 4148 1327 4234 imprudentiam

375 4249 518 4337 capitur,
541 4255 574 4314 et
597 4250 672 4315 duci
693 4249 872 4336 Limpoldo,
888 4250 1004 4318 deinde
1024 4252 1211 4338 imperatori
1234 4253 1326 4318 Hen-
