3216 5104
677 575 974 620 rararauaonusa:
1233 555 1295 618 157

342 693 488 770 Weston,
505 689 561 755 diu
583 697 659 756 ante
679 687 738 755 sua
756 698 902 775 tempora
922 691 1167 775 appropriatam,
1183 697 1217 756 et
1237 713 1296 775 per

341 792 488 856 crebram
508 793 790 877 praesentationem
812 815 944 858 suorum
965 793 1241 878 praedecessorum,
1261 792 1296 856 in

342 894 436 957 variis
457 895 676 959 vacationibus
700 897 855 979 ejusdem,
879 897 1080 980 negligentia
1104 901 1137 959 et
1163 895 1295 979 dejure

342 996 510 1079 perditam,
527 998 566 1061 ab
583 995 730 1062 Honorio
744 1020 827 1082 papa
841 1021 927 1062 anno
942 1020 1000 1063 suo
1019 998 1168 1076 secundo,
1184 998 1295 1082 hujus-

342 1097 430 1160 modi
454 1098 720 1181 appropriationis
743 1099 1003 1164 reformationem
1034 1101 1172 1184 gratiose
1193 1101 1295 1184 impe-

343 1202 449 1280 travit,
477 1208 510 1265 et
540 1203 609 1287 ejus
636 1199 835 1287 ‘corporalem
863 1207 1106 1289 possessionem,
1136 1205 1211 1269 licet
1240 1225 1297 1288 per

344 1305 527 1388 episcopum
542 1306 802 1373 Lineolniensem
813 1311 987 1393 plurimum
998 1311 1183 1395 impeditus,
1193 1300 1297 1393 prima

343 1409 508 1473 vacatione
531 1410 681 1493 ejusdemx
700 1413 885 1496 acceptavit,
908 1435 980 1477 eam
1003 1435 1043 1477 ex
1065 1419 1145 1477 tuno
1166 1411 1296 1495 pacifice

343 1519 376 1576 et
392 1513 516 1597 dejure
528 1513 617 1596 justo
632 1516 827 1599 occupando.
873 1517 959 1580 Item
978 1516 1135 1580 decimam
1156 1517 1240 1580 lanae
1263 1522 1295 1581 et

343 1615 403 1678 lini
423 1615 462 1679 de
488 1611 685 1700 Spaldingia,
706 1640 763 1701 per
782 1619 902 1701 priores
928 1613 1093 1683 Simonem
1117 1625 1150 1683 et
1173 1620 1296 1683 Johan-

343 1738 429 1796 nem,
446 1717 487 1781 ad
502 1739 613 1781 eornm
627 1741 723 1783 usum
737 1726 807 1785 toto
822 1742 934 1784 eorum
949 1728 1093 1805 tempore
1109 1727 1296 1804 occupatam

344 1825 377 1882 et
392 1819 566 1900 detentam,
583 1822 685 1886 officio
701 1824 861 1902 sacristiae,
874 1824 914 1888 de
930 1845 993 1907 quo
1007 1825 1119 1907 ipsam,
1132 1823 1296 1887 occasione

343 1922 409 1986 litis
424 1929 457 1987 et
472 1945 609 1987 onerum
624 1925 685 1989 sibi
699 1925 968 2004 incumbentium,
984 1924 1082 1989 iidem
1097 1925 1218 2008 priores
1241 1924 1296 1987 ab·

344 2026 516 2104 stulerunt,
533 2026 567 2088 in
583 2033 774 2110 perpetuum
793 2027 957 2091 communi
979 2027 1029 2090 sui
1049 2033 1225 2090 conventus
1248 2047 1296 2088 as-

345 2148 442 2191 sensu
455 2128 683 2211 reassignavit;
700 2130 906 2194 salvatamen
922 2129 1060 2208 residuo,
1071 2130 1098 2192 si
1109 2128 1186 2212 quid
1201 2135 1295 2208 esset,

343 2230 379 2293 in
395 2229 481 2295 dioto
496 2232 598 2296 officio
613 2253 709 2315 snper
723 2239 908 2317 compotum
928 2233 1097 2296 annuatim
1116 2252 1296 2310 remanens,

332 2322 473 2397 ⁸fabricae
502 2335 595 2399 diotae
626 2337 766 2400 ecclesiae
795 2337 1000 2402 conventuali
1031 2336 1164 2400 indilate
1199 2337 1298 2420 assig-

344 2438 463 2502 nando.
509 2439 595 2502 Item
610 2447 712 2504 terras
732 2447 765 2503 et
785 2447 973 2504 tenementa
994 2440 1099 2504 multa
1112 2439 1149 2502 in
1165 2439 1295 2517 Sutton,

347 2541 512 2626 Spalding,
538 2542 744 2626 Pynchbeok,
764 2544 903 2607 Weston
927 2550 959 2608 et
988 2543 1189 2628 Quappelod,
1215 2549 1297 2608 tem-

344 2641 421 2726 pore
450 2665 508 2708 suo
537 2645 734 2727 perquisivit.
794 2644 944 2708 AEdificia
972 2645 1111 2709 formosa
1139 2645 1175 2708 in
1209 2645 1298 2708 curia

343 2747 514 2830 prioratus,
539 2754 572 2812 et
596 2748 748 2812 maneriis
773 2747 813 2811 de
837 2748 1046 2827 Caldebecbe,
1071 2748 1172 2832 Novae
1193 2749 1296 2826 Aulae,

345 2858 378 2916 et
394 2851 611 2936 Quappelode,
631 2853 765 2936 propriis
790 2852 1170 2934 sumptibus'aedificavit.
1217 2851 1298 2914 Jura

308 2993 311 3000 ι
345 2955 449 3018 multa
471 2975 528 3037 per
548 2953 778 3038 negligentiam
800 2954 1068 3037 praedecessorum
1093 2953 1148 3016 diu
1171 2953 1296 3031 amissa,

346 3076 383 3120 ac
397 3055 494 3119 etiam
514 3077 618 3118 unum
639 3055 864 3137 messuaginm,
881 3075 954 3117 eum
976 3061 1108 3117 eentum
1127 3061 1159 3116 et
1174 3061 1298 3136 septem

346 3159 426 3222 acris
455 3164 549 3222 terrae
578 3157 614 3221 in
643 3159 732 3222 curia
764 3157 804 3221 de
833 3155 1062 3238 Bolingbroke,
1090 3176 1149 3239 per
1177 3156 1297 3238 priores

346 3259 469 3324 dativos
490 3259 598 3323 minus
620 3260 708 3344 juste
730 3259 894 3332 alienatas,
916 3257 1123 3341 recuperavit.
1168 3257 1297 3321 Pietan-

345 3363 426 3427 tiam
448 3370 624 3427 conventus
647 3345 697 3426 sui
714 3362 808 3426 terris
827 3361 947 3440 multis,
962 3359 1129 3437 reditibus,
1153 3365 1186 3424 et
1208 3366 1297 3424 tene-

345 3466 465 3531 mentis
478 3467 574 3530 variis
588 3465 827 3550 augmentavit:
851 3465 958 3548 sicque
969 3463 1188 3528 novemdecim
1204 3464 1297 3527 annis

346 3567 383 3632 in
397 3590 474 3632 cura
492 3569 645 3652 pastorali
667 3589 798 3652 gregem
818 3567 879 3632 sibi
896 3567 1101 3631 commissum
1122 3566 1298 3649 prudenter

347 3671 548 3754 gubernavit,
563 3672 737 3755 multisque
759 3671 829 3736 aliis
852 3670 944 3735 bonis
963 3670 1144 3754 peripsum
1166 3671 1297 3734 interim

347 3775 547 3858 perpetratis,
563 3782 596 3839 et
610 3774 663 3839 bic
678 3774 717 3839 de
733 3774 818 3839 facili
833 3774 975 3838 seriatim
990 3796 1058 3838 non
1072 3773 1296 3857 exprimendis,

346 3877 481 3941 feliciter
503 3877 539 3941 in
565 3875 705 3942 Domino
734 3877 924 3942 obdormivit
953 3883 1065 3941 octavo
1085 3877 1298 3940 kalendarum

347 3980 522 4060 Februarii,
539 3982 744 4064 sepultusque
759 3981 857 4044 estin
871 3980 978 4044 medio
992 3980 1081 4043 chori
1096 4000 1202 4043 coram
1225 3995 1296 4061 gra-¹

348 4081 442 4147 dibus
457 4084 568 4167 magni
582 4084 700 4148 altaris.
748 4083 906 4148 Successit
922 4081 1025 4147 eidem
1041 4081 1200 4145 Clemens.

389 4184 474 4250 Ar).
493 4188 586 4251 1294
622 4186 731 4250 Prima
745 4185 903 4250 discordia
916 4184 1001 4248 inter
1015 4203 1106 4265 reges
1121 4182 1249 4266 Angliae
1264 4188 1309 4246 et·
