3226 5100
647 646 937 689 raramuaonusn.
1226 623 1281 710 41,

288 817 292 823 .
318 759 423 824 aiensi
446 760 481 823 in
507 760 640 824 ecclesia
664 762 768 832 sancti
791 761 886 855 l'auli
909 760 1082 824 honorifice
1109 760 1271 844 sepultum

281 925 285 935 ,
318 868 377 940 est,
390 863 443 925 cui
457 862 609 926 successit
625 862 791 946 Livingus,
803 864 858 947 qui
874 870 906 928 et
921 864 1075 927 Elstanus
1091 862 1195 928 dictus
1210 868 1271 928 est.

361 965 447 1028 A.D.
469 967 564 1027 1013.
605 964 733 1029 Suanus
754 987 829 1029 cum
849 966 991 1030 exercitu
1010 965 1181 1030 innumero
1200 965 1274 1028 Ana

320 1067 418 1150 gliam
443 1067 578 1144 intrans,
604 1075 637 1133 et
665 1067 820 1131 inauditis
849 1068 1093 1132 crudelitatibus
1123 1067 1158 1130 in
1182 1067 1272 1130 illam

207 1259 212 1266 Ι
321 1171 503 1248 desaeviens,
515 1171 550 1235 in
565 1170 653 1235 brevi
668 1193 779 1235 omnes
794 1173 947 1256 primates
962 1195 1028 1236 suae
1046 1172 1182 1256 subjecit
1197 1171 1272 1235 diti·

321 1274 386 1338 oni.
431 1274 625 1338 Ethelredus
644 1296 701 1338 rex
715 1275 767 1338 vix
787 1297 807 1338 a
825 1276 959 1340 navibus
975 1252 1044 1361 ejirs
1059 1276 1193 1359 elapsus,
1209 1275 1273 1358 pri-

321 1399 375 1440 mo
401 1399 533 1441 uxorem
560 1399 651 1441 suam
677 1398 734 1461 per
757 1379 939 1462 episcopum
962 1379 1216 1442 Dunelmensem
1240 1385 1273 1442 et

324 1482 472 1546 abbatem
503 1483 606 1565 Burgi
635 1483 677 1547 ad
707 1484 882 1547 Ricardum
912 1484 1028 1548 ducem
1060 1483 1273 1548 Normanniae

222 1588 225 1594 ’
322 1587 498 1664 transtulit,
513 1587 645 1650 tandem
666 1587 734 1670 ipse
754 1609 887 1652 uxorem
908 1595 940 1651 et
960 1587 1042 1651 filios
1063 1609 1137 1651 suos
1157 1608 1273 1669 sequu-

323 1696 375 1753 tus
390 1696 449 1753 eat.

366 1791 450 1855 Α.1).
475 1793 570 1855 1014.
612 1792 740 1856 Suanus
762 1799 834 1876 post
858 1793 1044 1856 innumeras
1067 1792 1272 1856 crudelitates

323 1895 436 1959 urbem
452 1897 555 1959 sancti
572 1896 736 1960 Edmundi
752 1903 785 1960 et
800 1897 1013 1980 possessiones
1028 1918 1141 1960 vexare
1157 1897 1274 1960 exacti·

324 1998 439 2061 onibus
455 1999 572 2080 coepit3
594 1999 736 2062 convicia
752 1999 850 2063 etiam
865 2021 939 2063 cum
954 1999 1050 2064 minis
1064 1999 1126 2082 ipsi
1140 1999 1276 2084 martyri

325 2104 559 2188 superaddens:
583 2104 670 2168 unde
686 2127 787 2188 quum
802 2127 899 2168 sanus
918 2105 959 2168 ab
978 2104 1128 2167 omnibus
1146 2103 1275 2167 estima-

324 2217 413 2270 retur
424 2233 433 2285 ;
466 2229 485 2270 a
510 2215 631 2286 sancto,
658 2215 696 2272 ut
721 2208 831 2287 fertur,
856 2207 1030 2274 Edmundo
1056 2208 1164 2272 subito
1190 2207 1277 2290 apud

327 2309 619 2391 Gainesburghiam
633 2310 670 2374 in
684 2311 767 2388 aula,
779 2311 1033 2375 circumsedente
1049 2332 1107 2374 suo
1122 2311 1275 2388 exercitu,

325 2413 491 2490 occiditur,
507 2412 657 2495 Dauique
673 2413 815 2477 Cnutum
834 2414 937 2477 lilium
956 2415 1024 2497 ejus
1043 2434 1152 2496 regem
1174 2413 1275 2476 accla-

325 2522 426 2580 ment.
481 2516 600 2579 Incolae
630 2524 739 2580 autem
768 2538 878 2600 regem
904 2539 1000 2581 suum
1030 2516 1228 2586 unanimiter
1257 2537 1276 2580 a

324 2619 528 2684 Normannia
549 2626 709 2684 revocant.
755 2620 816 2685 Ille
829 2642 914 2698 vero,
930 2620 1128 2705 praetentatis
1143 2641 1200 2702 per
1214 2619 1275 2682 fili·

325 2746 382 2786 um
393 2745 488 2787 suum
499 2723 695 2786 Edwardum
707 2744 819 2787 eorum
833 2724 959 2802 animis,
974 2724 1043 2807 ipse
1058 2723 1275 2806 subsequitur,

326 2828 472 2891 Cautum
494 2827 672 2910 expellens:
696 2834 730 2891 at
751 2828 816 2906 ille,
836 2828 1012 2907 obsidibus,
1036 2828 1092 2911 qui
1113 2827 1198 2910 patri
1219 2848 1277 2890 suo

326 2929 366 2994 ab
387 2930 503 3012 Anglis
523 2930 592 2995 dati
612 2937 713 3009 erant,
734 2931 820 3014 apud
842 2931 1047 2995 sandwicum
1069 2928 1276 3007 detruncatis,

326 3033 595 3098 Danemarchiam
621 3034 698 3098 adit.
752 3034 870 3098 Adhuc
896 3035 1004 3098 classis
1030 3033 1167 3096 Turkilli
1192 3032 1278 3116 apud

328 3138 552 3202 Grenewicum
572 3139 607 3202 in
630 3138 780 3202 Tamensi
802 3147 890 3216 erat;
914 3139 970 3221 qui
992 3138 1144 3220 quoniam
1167 3158 1277 3218 regem

329 3243 475 3305 Suanum
497 3248 689 3324 protexerat,
710 3240 871 3304 tributum
891 3241 919 3304 ei
940 3241 1054 3304 datum
1074 3245 1122 3302 est
1142 3239 1279 3321 triginta

327 3345 465 3409 millium
484 3345 649 3408 librarum.
671 3343 789 3406 ‚Mare
808 3343 902 3406 littus
922 3341 1095 3425 egreditur,
1116 3349 1150 3406 et
1170 3341 1281 3407 omniu

327 3449 455 3531 longius
470 3447 613 3511 involvit.
702 3522 704 3526 Ι

370 3552 456 3616 A.D.
481 3552 575 3614 1015.
622 3550 759 3629 Gnatus,
784 3549 968 3633 compositis
990 3549 1087 3613 rebus
1110 3549 1145 3614 in
1170 3548 1280 3627 Dacia,

329 3655 483 3738 Angliam
520 3654 597 3731 adit,
627 3653 724 3718 urbes
761 3661 906 3736 occupat,
937 3653 1027 3716 villas
1057 3651 1279 3736 depopulatur.

330 3760 404 3822 Dux
421 3757 561 3840 perfidus
576 3757 711 3820 Edricus
727 3779 802 3821 cum
816 3757 1035 3821 consimilibus
1055 3757 1095 3820 ad
1114 3778 1190 3820 eum
1208 3777 1281 3839 pro-

329 3862 424 3943 fugit.
470 3860 662 3923 Edmundus
678 3861 774 3938 solus,
790 3861 929 3943 eoquod
947 3868 1038 3944 pater
1058 3862 1126 3945 ejus
1146 3867 1283 3942 aegrota·

330 3970 389 4041 ret,
412 3962 559 4026 hostibus
581 3963 719 4040 resistit3
741 3962 794 4027 hio
816 3963 900 4046 regis
923 3970 991 4028 erat
1013 3964 1098 4027 filius
1122 3985 1162 4027 ex
1184 3983 1283 4030 moro

329 4066 434 4148 ignoti
452 4065 593 4128 nominis
611 4072 688 4129 ante
705 4065 856 4130 Emmam
871 4067 1010 4149 genitus,
1025 4073 1127 4130 tantae
1141 4063 1285 4149 probita-

330 4170 382 4246 tis,
399 4176 436 4233 ut
452 4167 609 4247 Ironside‚
625 4169 645 4231 i.
659 4189 686 4232 e.
704 4170 956 4233 Ferreum-latus
972 4169 1141 4233 diceretur.

375 4273 460 4336 An.
475 4272 570 4340 1016.
599 4272 668 4336 Rex
683 4271 877 4336 Ethelredus
892 4271 1069 4344 Londoniis
1084 4269 1175 4337 obiit.
1198 4268 1284 4336 Lon-
