3216 5104
392 580 435 642 88
689 596 887 640 cnaonrcou
909 597 1044 640 inomao

390 715 475 780 nitur
488 712 621 779 tandem
636 715 751 781 Petrus
766 714 885 780 Leonis
899 712 935 780 in
951 715 1068 780 scelere
1084 736 1152 794 suo,
1168 715 1261 800 cujus
1275 714 1347 780 fau·

390 825 476 882 tores
506 817 606 882 alium
635 817 696 882 sibi
725 817 952 886 succedentem
977 839 1094 902 papum
1120 819 1345 897 constituunt3

393 920 449 1004 qui
477 920 514 986 in
541 925 638 986 noete
666 920 707 986 ad
732 928 882 988 sanctum
905 922 1110 986 Bemardum
1131 928 1213 988 tunc
1237 923 1350 992 Romae

391 1023 533 1110 positum
547 1023 691 1112 veniens,
705 1026 1000 1092 reconciliationem
1021 1026 1114 1110 petit,
1133 1025 1351 1092 renunciatio·
1460 1041 1468 1048 ·

394 1148 471 1194 nem
492 1127 664 1211 promittit.
708 1128 881 1194 Adductus
903 1151 980 1212 ergo
1001 1151 1060 1213 per
1075 1129 1181 1194 virum
1201 1129 1273 1208 Dei,
1294 1128 1352 1195 sed

392 1229 573 1313 insignibus
588 1231 825 1314 pontificalibus
839 1232 998 1316 projectis,
1014 1233 1152 1310 veniam,
1168 1254 1264 1316 quam
1277 1255 1346 1316 poe·

393 1334 610 1400 nitentissime
625 1334 728 1418 petiit,
743 1341 897 1399 meretur.
937 1335 1084 1400 Laetatur
1098 1355 1175 1419 ergo
1190 1342 1261 1400 tota
1274 1335 1350 1400 oiri-

393 1445 454 1518 tas,
478 1444 547 1503 tam
571 1437 657 1502 felici
681 1439 746 1502 fine
771 1438 858 1502 tanti
887 1437 1068 1503 schismatis
1098 1438 1347 1522 gratulabunda.

395 1543 471 1626 Ipse
507 1562 591 1626 papa
627 1541 861 1606 monasterium
894 1541 1116 1628 cisterciensis
1153 1541 1273 1606 ordinis
1310 1542 1353 1607 ad

285 1651 287 1658 “
396 1666 496 1730 aquas
518 1644 655 1725 Salinas,
678 1644 714 1710 in
734 1644 857 1710 honore
880 1644 984 1709 saneti
1004 1645 1169 1709 Anastasii
1191 1645 1351 1731 martyris,

395 1748 564 1814 fundavit:
588 1754 828 1833 conventusque
848 1747 1019 1812 duodecim
1040 1747 1273 1813 monachorum
1295 1749 1351 1813 ad-

397 1851 515 1916 ductus
537 1857 596 1930 est,
612 1851 729 1934 quibus
750 1851 947 1930 Bernardus,
964 1851 1041 1914 olim
1063 1851 1204 1916 eoclesiae
1224 1851 1352 1918 Pisanae

395 1955 624 2034 vicedominus,
655 1953 753 2018 abbas
783 1977 803 2018 a
832 1961 944 2018 saneto
973 1954 1140 2018 Bernardo
1172 1955 1351 2039 prafertur.

398 2059 466 2123 Istc
480 2065 593 2142 postea
607 2057 777 2122 cardinalis
794 2057 956 2136 diaeonus,
972 2056 1105 2122 tandem
1120 2065 1287 2141 promotus
1303 2066 1353 2124 est

397 2162 433 2226 in
447 2183 573 2245 papam,
590 2161 696 2225 dietus
710 2161 895 2244 Eugenius:
919 2161 976 2224 sed
989 2160 1058 2225 baeo
1072 2167 1193 2245 postea.
1233 2162 1353 2228 Swine·

400 2264 518 2334 sheved
532 2265 699 2344 fundatur,
715 2264 801 2328 filius
816 2264 973 2328 Furnesii.

441 2369 527 2434 An.
552 2370 648 2432 1135.
687 2368 851 2433 Henricus
873 2389 929 2432 rex
952 2368 1081 2451 Angliee
1104 2367 1185 2434 obiit
1208 2369 1244 2433 in
1266 2369 1353 2434 Nor-

400 2472 542 2552 mannia,
570 2493 656 2536 anno
681 2472 774 2555 regni
800 2472 850 2536 sui
878 2470 1045 2554 trigesimo
1072 2471 1197 2556 quinto.
1243 2473 1355 2539 Quum

400 2575 486 2640 enim
503 2576 543 2640 de
557 2581 677 2640 venatu
691 2575 830 2640 venisset
845 2575 930 2658 apud
945 2581 1095 2640 sanctum
1109 2575 1305 2658 Dionysium
1319 2577 1355 2640 in

402 2679 490 2764 sylva
509 2679 665 2758 Leonum,
681 2699 827 2744 muraena
841 2699 962 2758 recens,
979 2699 1016 2744 eo
1032 2678 1120 2765 quod
1135 2678 1276 2744 libenter
1289 2701 1357 2745 ves·

402 2782 544 2861 cebatur,
572 2783 717 2866 apposito
742 2790 809 2860 est;
841 2788 874 2846 et
899 2782 1042 2867 quamvis
1073 2785 1145 2847 eam
1173 2783 1358 2866 prohiberet

403 2885 558 2964 medicus,
576 2885 652 2950 vicit
672 2884 940 2969 concupiscentie,
962 2893 995 2952 et
1015 2888 1153 2951 mortem
1173 2886 1356 2952 intulenmt

402 2989 502 3055 vetita
517 2988 653 3054 cibaria:
676 2987 757 3052 obiit
772 3009 858 3072 ergo,
875 2991 928 3053 oui
946 3012 1005 3073 pro
1024 2990 1121 3054 laude
1141 2991 1277 3056 sufficiat
1292 2991 1357 3076 epi-

403 3093 560 3179 taphium,
576 3093 663 3177 quod
677 3089 840 3156 Henrieus
856 3093 1076 3177 Huntingdon
1091 3095 1234 3178 apponit.

449 3304 520 3368 Rex
534 3300 697 3366 Henricus
712 3300 802 3378 obiit,
819 3300 916 3364 decus
931 3300 1017 3378 olim,
1033 3322 1121 3365 nune
1137 3301 1227 3366 dolor
1242 3301 1345 3366 orbis:

492 3406 641 3471 Numina
655 3406 745 3483 flent,
761 3425 884 3468 numen
899 3404 1071 3488 deperiisse
1086 3427 1191 3470 suum.

452 3509 638 3574 Mercurius
651 3508 758 3572 minor
773 3507 910 3592 eloquio,
925 3507 956 3572 vi
970 3507 1089 3572 mentis
1103 3509 1230 3592 Apollo,

498 3612 630 3695 Jupiter
645 3610 789 3694 imperio,
806 3609 961 3694 Marsque
974 3610 1082 3694 vigore
1097 3618 1243 3694 gemunt.

453 3716 474 3778 J
475 3736 556 3778 anus
572 3714 708 3791 cautela,
723 3714 830 3778 minor
844 3713 974 3778 Alcides
988 3713 1159 3796 probitate,

495 3815 656 3880 Conflietu
672 3815 787 3893 Pallas,
803 3821 872 3880 arte
888 3815 1036 3879 Minerva
1051 3823 1197 3898 gemunt.

454 3919 574 4002 Anglia
589 3941 660 4003 quae
675 3919 776 3996 cunis,
794 3941 865 4002 quoe
881 3926 1004 4003 sceptro
1018 3905 1162 3983 numinis
1176 3920 1274 4004 hujus

499 4022 614 4087 Ardua
628 4022 846 4107 splenduerat,
858 4024 928 4107 jam
943 4022 1114 4088 tenebrosa
1127 4023 1204 4087 ruit.

457 4127 531 4194 Hoc
546 4147 620 4192 cum
634 4147 711 4210 rege
726 4147 795 4205 suo,
811 4126 1016 4190 Normannia
1030 4147 1106 4190 eum
1125 4126 1207 4191 duee
1226 4131 1367 4194 marcet:

500 4231 627 4296 Nutriit
641 4231 710 4296 haeo
724 4251 869 4316 puerum,
886 4228 1024 4313 perdidit
1039 4229 1095 4294 illa
1109 4229 1224 4294 virum.
