3212 5102
594 603 885 648 rrrarnuaarnsn.
1157 591 1219 652 129

262 737 349 796 nam,
370 723 403 782 et
421 718 590 785 habiturus
610 745 692 802 sum,
712 724 811 788 talem
830 723 911 786 mihi
928 723 1105 806 procuretis
1120 723 1218 807 justi·

260 819 340 883 tiam
358 821 459 902 reddi,
476 824 562 906 quod
580 825 750 890 manifeste
768 833 878 909 pateat
897 825 1056 910 prodesse,
1073 826 1216 892 subves-

261 927 312 985 tra
335 924 451 988 vixisse
474 926 612 1006 fiducia3
643 935 675 992 et
698 929 913 1011 periculosum
937 951 1006 992 esse
1029 930 1158 1013 injustis
1183 937 1215 996 et

260 1025 465 1091 calumniosis
494 1029 644 1112 praelatis,
669 1029 795 1114 abjecta
819 1030 901 1094 sedis
926 1030 1106 1112 apostolicae
1129 1052 1214 1094 reve*
1309 1023 1313 1032 ⁸

258 1129 373 1207 rentia,
388 1129 494 1214 legem
513 1131 618 1196 facere
635 1154 694 1216 pro
715 1155 781 1198 suae
800 1133 975 1197 voluntatis
992 1132 1134 1214 arbitrie,
1151 1157 1215 1217 qua

258 1229 380 1295 bonum
404 1240 436 1297 et
459 1235 583 1298 malum
608 1240 641 1300 et
665 1257 852 1301 econverso
875 1243 1037 1316 censeant,
1056 1245 1213 1320 ponentes

258 1333 363 1398 lucem
390 1337 549 1418 tenebras,
576 1340 631 1403 &a
677 1339 720 1404 In
742 1339 892 1404 omnibus
918 1346 1027 1404 autem
1052 1341 1213 1423 praedictis

256 1435 463 1520 imploramus
490 1441 630 1506 officium
658 1440 869 1526 benignitatis
894 1435 1017 1522 vestrae,
1043 1451 1081 1508 ut
1107 1451 1210 1510 status

257 1561 357 1621 meus,
389 1543 444 1625 qui
471 1545 663 1626 generaliter
689 1567 862 1610 concussus
886 1553 934 1610 est
961 1553 994 1610 et
1019 1547 1123 1626 laesus,
1153 1570 1211 1634 per

255 1650 367 1708 vestrae
381 1645 510 1730 pietatis
527 1648 682 1712 auxilium
696 1649 920 1713 reformetur.”

299 1747 384 1812 Aa).
403 1752 497 1816 1227.
537 1752 619 1816 Orta
633 1759 682 1816 est
698 1753 802 1834 gravis
818 1752 975 1817 discordia
989 1753 1074 1818 inter
1090 1754 1209 1820 Henri·

254 1871 328 1914 cum
346 1873 465 1935 regem,
483 1859 515 1918 et
536 1854 711 1918 Ricardum
727 1855 1208 1934 Mariscallum,etGilbe1tum

253 1953 376 2033 Basset,
390 1962 422 2019 et
439 1956 627 2021 Hubertum
642 1957 682 2022 de
698 1959 809 2042 Burgo
818 1984 828 2036 3
852 1979 889 2022 eo
905 1958 1000 2042 quod,
1017 1960 1206 2043 alienigenae

253 2055 289 2118 in
303 2063 390 2121 terra
404 2058 617 2140 dominantes,
633 2060 801 2143 indigenas
817 2060 858 2124 ad
876 2061 1039 2144 pulverem
1058 2063 1207 2128 humilia·

252 2156 352 2224 bant:
375 2160 431 2224 isti
445 2161 533 2225 enim
553 2185 612 2246 pro
631 2163 790 2246 indigenis
806 2164 1051 2229 aemulabantur.
1097 2167 1206 2230 Ricar-

253 2261 312 2325 dus
328 2262 426 2326 etiam
441 2264 569 2346 speciali
584 2286 679 2330 causa
693 2265 804 2345 iratus,
818 2288 855 2332 eo
871 2267 958 2352 quod
973 2269 1092 2332 avitam
1106 2269 1206 2334 haere-

253 2364 388 2428 ditatem
404 2365 671 2448 Mariscallorum,
684 2369 753 2453 jam
768 2369 810 2433 ad
824 2369 929 2455 ipsum
945 2369 1137 2450 devolutam,
1149 2394 1206 2436 rex

250 2467 285 2530 in
300 2490 400 2532 manu
421 2491 480 2534 sua
498 2475 634 2550 teneret,
651 2477 683 2535 et
703 2470 751 2535 illi
769 2494 838 2536 nou
857 2472 1026 2553 redderet3
1050 2495 1147 2557 quare
1163 2475 1205 2541 ad

251 2592 340 2634 arma
360 2593 543 2655 processum
566 2580 625 2638 est.
672 2574 772 2658 Hugo
795 2573 834 2638 de
857 2576 977 2658 Burgo,
993 2597 1098 2641 comes
1119 2577 1203 2642 Can·

247 2675 311 2754 tiae,
328 2675 463 2758 capitur,
480 2682 513 2740 et
531 2676 567 2740 in
588 2683 692 2741 castro
714 2677 754 2741 de
773 2676 889 2742 Divisis
908 2678 1060 2743 custodiae
1079 2680 1201 2744 manci-

248 2784 345 2861 patur
353 2803 363 2856 ς
386 2779 474 2843 unde
493 2779 663 2844 custodum
677 2778 802 2844 incuria
817 2779 964 2860 evadens,
979 2781 1022 2846 ad
1036 2781 1202 2849 eeclesiam

247 2881 413 2964 confugit:
439 2883 606 2946 castellani
628 2903 713 2961 vem,
737 2883 879 2946 ecclesiae
902 2882 1086 2947 libertatem
1111 2885 1201 2968 parri

247 2984 434 3067 pendentes,
450 3007 524 3050 eum
540 2986 581 3051 de
596 2986 729 3050 ecclesia
743 2987 927 3064 extrahunt,
943 2992 976 3050 et
991 2986 1026 3052 in
1041 3008 1201 3055 carcerem

245 3088 419 3152 retrudunt
429 3115 439 3166 3
475 3088 532 3152 sed
566 3109 624 3170 per
653 3088 837 3172 episcopum
869 3088 1130 3154 Sarisbiriensem
1159 3090 1200 3156 de

246 3190 381 3253 vinculis
401 3197 539 3272 ereptus,
555 3189 695 3254 ecclesiae
713 3190 905 3254 restituitur.
952 3189 1109 3254 Ricardus
1125 3191 1200 3256 Ma

245 3292 390 3356 riscallus
418 3293 455 3355 in
485 3291 678 3356 Hiberniam
708 3293 846 3358 secessit.
906 3292 1070 3358 Martinus
1100 3293 1200 3360 abbas

245 3395 349 3478 Burgi
364 3395 457 3458 solvit
477 3394 518 3458 ad
538 3395 733 3461 scaccarium
751 3394 845 3478 regis,
865 3416 923 3477 pro
943 3394 1198 3460 disforestatione

244 3497 351 3562 Nassa
366 3497 405 3563 de
420 3499 541 3580 Burgo,
554 3497 789 3581 quinquaginta
802 3519 925 3564 marcas
940 3497 1076 3584 argenti.
1105 3499 1196 3564 Obiit

244 3600 384 3666 Brianus
407 3601 446 3665 de
468 3602 500 3665 la
522 3602 633 3679 Mare;
658 3607 690 3664 et
713 3601 862 3668 dominus
880 3622 937 3666 rex
956 3600 1116 3666 transiens
1138 3624 1196 3685 par

242 3704 314 3768 illas
337 3713 454 3788 partes,
478 3704 554 3768 fecit
581 3703 687 3768 seisire
711 3704 747 3768 in
770 3726 870 3770 manu
893 3725 951 3768 sua
973 3711 1094 3777 terrum
1117 3705 1197 3773 dicti

241 3807 364 3886 Briani,
381 3808 456 3891 quia
469 3808 531 3872 fuit
546 3807 731 3872 forestarius
751 3807 791 3872 de
807 3807 969 3872 Kesteven
990 3816 1022 3871 et
1042 3807 1082 3870 de
1101 3806 1192 3893 Hoy-

240 3910 338 3976 land:
370 3912 414 3974 Et
438 3911 536 3975 abbas
560 3910 725 3974 Martinus
750 3910 894 3994 quaesivit
924 3910 1020 3974 breve
1042 3910 1127 3992 regis
1151 3912 1193 3978 ad

244 4015 419 4097 Hugonem
435 4014 572 4093 Neville,
591 4019 670 4078 tune
686 4015 706 4078 J
708 4013 903 4078 ustitiarium
924 4013 1058 4091 forestae,
1082 4013 1122 4078 de
1143 4014 1192 4080 in·

242 4117 414 4202 quisitione
437 4117 593 4195 facienda,
616 4123 728 4183 utrum
750 4116 839 4199 prius
862 4116 995 4180 fuerunt
1018 4115 1190 4201 praedeces-

240 4243 328 4288 sores
350 4221 427 4288 dicti
446 4221 559 4287 Briani
577 4219 699 4286 feoffati
718 4220 872 4288 dedomo
891 4219 1003 4304 Burgi,
1023 4241 1066 4286 an
1085 4220 1125 4288 de
1143 4221 1190 4288 lo·
