3218 5098
618 662 907 706 rnrnrauaonnsn.
1196 644 1239 712 69

283 775 406 840 vacavit
422 775 512 840 sedes
528 775 621 840 annis
637 825 645 844 .
664 825 671 839 .
690 825 697 840 .
715 777 885 852 Ranulfus,
900 777 984 860 regis
1005 777 1184 860 placitator,
1200 780 1238 842 fit

284 879 450 963 episcopus
481 880 726 943 Dunelmensis:
764 880 826 952 iste
856 879 1043 963 conscripsit
1076 880 1238 964 quendam

284 981 413 1060 librum,
430 1003 530 1064 quem
540 983 692 1061 titulavit,
710 984 760 1046 De
775 982 900 1066 legibus
916 983 1053 1066 Angliae.

328 1087 413 1148 A.D.
433 1089 526 1148 1100.
571 1086 739 1150 Wibertus
755 1086 906 1169 antipapa
920 1085 1010 1150 obiit.
1054 1087 1237 1151 Willelmus

284 1209 340 1252 rex
361 1189 397 1252 in
414 1189 509 1252 Nova
526 1191 668 1268 Foresta,
684 1211 758 1254 cum
779 1189 906 1272 sagitta,
923 1189 1101 1254 aWaltero
1119 1189 1236 1254 lirello

285 1292 452 1370 occiditur,
469 1300 583 1376 quarto
598 1314 758 1356 nonarum
773 1293 914 1376 Augusti
922 1319 932 1370 3
955 1300 1030 1357 ante
1046 1295 1137 1378 cujus
1151 1315 1236 1357 mor-

284 1401 352 1458 tem
366 1395 401 1458 in
416 1396 590 1459 Berkshire
604 1396 677 1459 fons
700 1395 816 1459 dicitur
832 1396 989 1478 sanguine
1003 1397 1134 1460 fluxisse
1154 1403 1237 1460 tem.

285 1519 361 1580 pore
376 1500 480 1562 multo
495 1506 563 1563 tam
578 1498 729 1578 ubertim,
742 1506 779 1562 ut
795 1499 936 1563 vicinum
949 1499 1066 1564 vadum
1080 1500 1235 1566 inficeret.

288 1603 425 1668 Sanctus
437 1603 536 1666 ctiam
549 1603 724 1666 Anselmus
735 1604 847 1686 pulsus
859 1602 962 1680 exilio,
974 1624 1075 1686 quum
1087 1609 1236 1670 sanctum

287 1706 472 1792 Hugonem,
497 1706 647 1770 abbatem
674 1705 919 1771 Cluniacensem
948 1705 1036 1788 apud
1062 1705 1236 1776 Mercinia-

285 1830 360 1873 cum
374 1809 542 1888 visitasset,
558 1817 590 1873 et
605 1831 735 1873 causam
750 1809 800 1872 sui
815 1809 901 1872 exilii
916 1809 1130 1891 exposuisset3
1146 1830 1236 1872 sanc-

285 1919 339 1975 tu's
355 1913 455 1996 Hugo
470 1913 560 1990 dixit,
578 1918 597 1948 “
608 1914 677 1976 Rex
691 1913 745 1976 illc
761 1911 906 1995 proxima
920 1918 1015 1975 nocte
1038 1918 1113 1975 ante
1128 1912 1236 1976 Deum

286 2016 402 2084 duetus
424 2023 457 2080 et
480 2016 689 2099 adjudicatus,
713 2015 839 2079 tristem
866 2013 1081 2078 damnationis
1107 2021 1236 2077 senten*

285 2119 364 2182 tiam
387 2119 541 2201 accepit.’'
586 2119 663 2202 Ipso
684 2139 780 2181 mane
803 2116 876 2194 die'i,
892 2138 993 2200 quum
1015 2115 1146 2200 quidam
1168 2137 1251 2198 mo-¹

286 2222 408 2286 nachus
429 2221 570 2286 Roberto
592 2221 658 2285 filio
679 2219 859 2304 Haymonis
879 2218 1046 2282 horridum
1065 2219 1236 2297 somnium,

287 2325 373 2408 quod
400 2326 470 2409 ipsa
498 2332 599 2389 nocte'
623 2324 755 2402 viderat,
779 2330 936 2406 tanquam
965 2323 1101 2406 principi
1126 2322 1237 2405 palatii

287 2437 456 2508 narrasset,
473 2437 511 2493 ut
531 2430 600 2514 ipse
622 2429 663 2492 ad
681 2451 792 2512 regem
806 2429 856 2495 vel
878 2450 936 2512 pro
954 2428 1095 2511 periculo
1114 2428 1168 2492 illo
1184 2428 1236 2492 die

286 2533 417 2597 vitando
435 2533 568 2598 inferret
578 2559 586 2610 3
609 2533 757 2596 videlicet
778 2531 952 2595 somniaret
968 2531 1054 2614 quod
1073 2553 1130 2595 rex
1151 2553 1236 2595 mor-

287 2637 377 2700 dicus
402 2637 589 2700 crucifixum
617 2635 817 2718 aggrediens,
840 2634 943 2717 primo
970 2634 1100 2698 brachia
1122 2634 1237 2697 deinde

286 2761 380 2802 crura
397 2739 578 2816 corrodens,
594 2738 660 2802 fere
680 2745 845 2802 truncaret
854 2764 864 2815 3
886 2737 974 2801 unde
990 2737 1159 2800 crucifixus
1182 2736 1238 2799 diu

286 2843 421 2926 patiens,
438 2842 569 2930 tandem
592 2863 701 2924 regern
723 2841 804 2924 pede
826 2841 953 2924 repulit,
971 2847 1010 2903 ut
1031 2840 1164 2924 supinus
1187 2861 1237 2903 ca-

287 2944 387 3020 deret,
411 2943 451 3006 de
473 2963 591 3025 oreque
613 2943 765 3025 prostrati
787 2950 900 3006 tantus
929 2943 1038 3006 fumus
1062 2943 1178 3026 erupit,
1200 2949 1238 3005 ut

286 3047 404 3110 coelum
426 3052 459 3110 et
479 3045 583 3109 sidera
598 3045 835 3110 obtenebraret.
881 3047 1060 3123 Somnium,
1077 3046 1239 3111 Robertus

286 3150 387 3213 intrat
409 3149 450 3212 ad
472 3169 592 3231 regem,
615 3155 648 3212 et
671 3156 780 3213 narrat
791 3174 800 3226 3
824 3148 1021 3230 audiensque
1043 3149 1078 3210 in
1097 3149 1162 3210 fine
1182 3169 1238 3210 rex

287 3253 342 3330 ait,
366 3251 523 3326 deridens,
540 3250 754 3315 “Monachus
777 3258 836 3328 est,
858 3257 891 3314 et
913 3272 1010 3314 causa
1030 3272 1238 3314 nummorum

287 3355 518 3419 monachaliter
548 3355 710 3418 somniat:
757 3353 831 3418 date
862 3353 910 3416 illi
943 3359 1073 3416 centum
1110 3353 1237 3418 solidos.

287 3459 393 3523 Causa
421 3458 518 3542 hujus
548 3457 674 3536 somnii,
706 3478 833 3521 necnon
859 3463 892 3519 et
916 3456 1052 3528 aliorum
1074 3477 1145 3538 quae
1170 3456 1238 3539 ipse

286 3562 399 3626 eadem
414 3568 508 3625 nocte
522 3561 646 3626 viderat
660 3561 803 3638 territus,
820 3566 895 3622 ante
910 3558 1083 3643 prandium
1097 3559 1167 3641 ipsa
1187 3558 1238 3622 die

286 3689 306 3730 a
319 3667 489 3730 venatione
512 3665 691 3742 continuit3
715 3671 788 3746 post
811 3685 884 3728 vero
908 3663 1089 3747 prandium,
1117 3664 1236 3726 saltum

287 3769 327 3834 ad
349 3768 533 3832 venandum
553 3790 626 3831 cum
647 3768 780 3851 praefato
794 3767 940 3830 Waltero
960 3767 1133 3849 ingressus,
1156 3767 1238 3830 occi·

287 3895 340 3935 sus
371 3879 429 3936 est.
477 3870 636 3936 Successit
665 3871 764 3934 frater
790 3872 859 3955 ejus
885 3871 1056 3948 Henricns,
1084 3878 1117 3934 et
1144 3871 1238 3933 nonis

287 3975 428 4057 Augusti
458 3982 662 4038 consecratur
687 3996 705 4037 a
732 3974 891 4038 Mauricio
921 3973 1142 4037 Lundoniensi
1172 3974 1237 4056 epi-

287 4099 399 4160 scopo3
417 4077 472 4140 sed
488 4085 598 4161 postea
609 4078 649 4141 ab
662 4076 897 4160 archiepiscopo
909 4077 1104 4140 Eboracensi
1115 4076 1238 4138 Thoma

287 4189 459 4245 coronatur
483 4180 670 4244 Lundoniae.
719 4180 783 4244 Hic
806 4180 972 4243 ecclesiam
995 4179 1130 4242 liberam
1152 4178 1237 4256 fecit,

287 4283 535 4352 consuetudines
557 4301 669 4365 pravas
692 4282 824 4370 remisit,
845 4289 877 4346 et
900 4281 1074 4347 earundem
1093 4281 1238 4345 invento.
