3218 5098
664 627 953 674 normannorum.
1246 613 1287 675 77

377 748 463 812 A.D.
482 750 576 813 1113.
600 749 850 814 ‚Monasterium
869 749 1102 814 Clarevallense
1122 747 1288 826 fundatur,

243 884 244 888 =
336 850 506 915 duodecim
535 853 700 916 monachis
730 873 805 916 cum
835 859 946 916 sancto
975 851 1141 917 Bernardo
1173 851 1289 914 abbate

335 957 465 1023 illorum
479 958 557 1022 illuc
573 957 613 1022 de
628 958 783 1023 Cistercio
797 958 1003 1023 transmissis.
1041 959 1111 1021 Rex
1127 957 1289 1020 Henricus

337 1060 516 1125 Robertum
532 1062 572 1125 de
587 1061 736 1125 Belesmo
755 1061 790 1124 in
811 1068 898 1126 arcta
917 1061 1063 1126 custodia
1080 1061 1189 1143 posuit
1205 1059 1290 1143 apud

335 1164 503 1227 Warham.
546 1164 728 1252 wigornia,
744 1186 819 1229 cum
834 1165 967 1229 ecclesia
986 1164 1161 1228 cathedrali
1175 1169 1208 1227 et
1223 1185 1290 1227 cas-

335 1266 424 1344 tello,
444 1266 556 1330 multis
576 1267 674 1331 etiam
695 1267 735 1332 de
754 1267 920 1332 monacbis
943 1274 976 1331 et
998 1267 1120 1332 civibus
1141 1266 1291 1331 incendio

337 1368 524 1448 combustis,
553 1390 612 1453 per
640 1369 725 1452 ignis
754 1369 912 1434 incuriam
942 1369 1159 1453 conflagravit.
1218 1370 1291 1433 Rex

337 1472 436 1536 etiam
467 1471 628 1537 Henricus
662 1472 786 1538 celebre
815 1473 999 1538 coenobium
1029 1473 1234 1556 Redingens'e
1271 1493 1291 1536 a

337 1575 558 1639 fundamentis
581 1581 772 1640 construens
797 1576 884 1640 inter
911 1577 1076 1640 Kanetam
1097 1584 1130 1641 et
1153 1577 1290 1641 Tamen-

339 1701 405 1744 sem
419 1682 542 1760 fluvios,
557 1683 723 1747 monachis
740 1683 1007 1747 Cluniaeensibus
1026 1682 1201 1765 insignivit,
1219 1680 1290 1746 Hu-

339 1807 456 1868 gonem
476 1787 628 1853 abbatem
647 1788 710 1852 illis
729 1789 916 1873 praeficiens.
962 1789 1070 1852 Lauro
1084 1788 1171 1872 prior
1188 1787 1292 1852 sancti

338 1888 510 1968 Pancratii,
524 1910 560 1953 ac
575 1889 726 1955 dominus
743 1891 834 1955 Serlo
849 1890 948 1955 abbas
964 1889 1183 1969 Glouccstriae,
1196 1891 1291 1955 ambo

338 1992 575 2073 Cluniacenses,
592 1995 788 2059 claruerunt.

381 2096 579 2160 A.D.1114.
617 2095 765 2160 Matildis
785 2097 851 2160 filia
869 2096 954 2180 regis
976 2095 1120 2175 Henrici,
1142 2101 1175 2160 et
1199 2095 1290 2159 Hen-

271 2250 278 2259 .
338 2200 403 2263 rico
417 2199 603 2284 imperatori
618 2199 819 2284 desponsata,
839 2199 875 2263 iu
894 2199 1131 2283 imperatricem
1148 2199 1290 2281 Magnu-

338 2303 392 2367 tiae
406 2309 620 2367 consecratur.
651 2303 791 2367 'l'homas
809 2303 1021 2368 Eboracensis
1036 2301 1292 2386 archiepiscopus

339 2405 418 2471 obiit
429 2432 439 2485 3
470 2406 622 2472 successit
645 2407 826 2471 Turstinus.
879 2407 1037 2471 Radulfus
1062 2406 1227 2491 episcopus
1251 2405 1293 2469 ad

339 2508 605 2574 cantuaniensem
631 2510 761 2594 eligitur
784 2509 1109 2594 archiepiscopatum
1133 2508 1291 2572 Arnulfus

339 2613 437 2677 abbas
453 2613 555 2696 Burgi
571 2613 612 2678 ad
627 2614 824 2679 Roffensem.
867 2614 942 2697 Ipse
956 2613 1032 2678 fecit
1044 2613 1289 2677 conventionem

338 2717 423 2781 inter
449 2718 624 2781 monachos
648 2723 681 2781 et
706 2716 824 2782 milites
848 2718 988 2782 ecclesia
1011 2715 1122 2800 Burgi,
1144 2715 1292 2780 videlicet

339 2819 425 2903 quod
447 2819 581 2902 quilibet
606 2819 697 2883 miles
721 2819 801 2884 duas
824 2826 930 2903 partes
954 2819 1086 2884 decimae
1109 2840 1175 2882 suae
1201 2817 1291 2883 dabit

339 2924 508 2988 annuatim
523 2925 693 2989 secretario
708 2925 820 3008 Burgi.
866 2926 908 2989 In
927 2926 991 2989 fine
1010 2945 1085 2988 vero
1103 2923 1177 2988 vitae
1193 2923 1291 2987 tertia

337 3047 412 3110 pars
438 3026 628 3091 substantiae
658 3027 824 3091 morientis
851 3027 892 3092 ad
918 3028 1116 3112 sepulturam
1146 3025 1290 3090 defuncti

338 3149 413 3192 eum
434 3127 627 3192 militaribus
649 3126 859 3208 indumentis,
881 3135 950 3193 tam
971 3128 1006 3192 in
1029 3127 1119 3211 equis
1139 3149 1236 3211 quam
1255 3127 1290 3190 in

339 3231 446 3310 annis,
467 3250 540 3294 cum
563 3251 694 3314 corpore
717 3231 904 3311 deferretur,
924 3237 957 3296 et
980 3229 1021 3294 ad
1043 3231 1143 3294 altare
1165 3231 1236 3294 Deo
1258 3236 1291 3295 et

340 3340 451 3397 sancto
476 3334 574 3398 Petro
600 3334 778 3400 offerretur.
830 3334 1015 3398 Conventus
1042 3339 1151 3398 autem
1177 3354 1291 3417 corpus

341 3435 485 3500 defuncti
515 3457 589 3499 cum
619 3438 819 3519 processione
848 3436 990 3520 recipiet,
1017 3443 1050 3499 et
1076 3434 1116 3499 ab
1143 3434 1292 3499 omnibus

339 3539 409 3623 ipso
429 3538 480 3602 die
501 3538 739 3604 celebrantibus
759 3539 940 3623 plenarium
955 3538 1120 3603 servitium
1135 3538 1291 3622 persolve·

340 3647 395 3705 tur
420 3662 479 3725 pro
504 3661 562 3705 eor
594 3663 678 3705 uxor
704 3647 814 3706 autem
839 3643 908 3726 ejus
934 3650 967 3706 et
992 3641 1051 3704 filii
1077 3641 1117 3705 de
1143 3640 1293 3706 omnibus

340 3743 443 3822 bonis,
468 3765 539 3827 quae
560 3743 595 3807 in
618 3744 705 3810 dicta
727 3744 859 3809 ecclesia
880 3745 916 3809 in
936 3745 1085 3810 futurum
1109 3745 1198 3824 fient,
1223 3745 1294 3810 Deo

341 3852 516 3926 annuente,
530 3846 701 3931 participes
721 3854 828 3916 errrnt.
873 3849 968 3913 Nova
987 3849 1120 3914 eeclesia
1140 3848 1294 3933 Groylan·

342 3950 404 4014 diae
418 3950 583 4015 fundatur.

384 4050 470 4114 Ab.
488 4053 583 4115 1115.
621 4050 803 4134 Imperator
821 4051 988 4117 Coloniam
1010 4053 1145 4118 obsidet.
1189 4051 1295 4116 Cona-

341 4175 413 4232 nus,
430 4160 551 4218 sanctae
566 4154 723 4218 Romanae
737 4154 821 4218 sedis
836 4154 971 4239 legatus,
988 4155 1175 4220 Catalaunis
1190 4154 1295 4230 eonci-¹

341 4257 422 4320 lium
437 4256 587 4321 celebrat.
633 4257 818 4336 Anselmus,
834 4257 978 4342 ejusdem
1000 4258 1084 4322 sedis
1103 4258 1239 4340 legatus,
1259 4255 1295 4318 in
