3218 5098
368 641 412 703 36
670 661 864 706 cuaorucou
881 661 1016 705 ancara

410 778 496 842 Α.Ι).
513 782 585 844 999
632 780 723 845 Obiit
746 779 904 844 Ricardus
924 780 1047 863 primus
1072 778 1138 842 dux
1159 777 1323 842 Norman-
1546 729 1548 736 Ι

368 882 450 946 niae:
474 883 623 948 successit
638 883 723 947 filius
738 884 808 968 ejus
823 882 981 947 Ricardus
996 883 1045 946 II.

411 985 497 1050 Α.Ι).
526 989 602 1051 995.
639 987 834 1051 'Aldewinus
871 986 1038 1070 episcopus
1069 1006 1183 1070 corpus
1221 985 1325 1050 sancti

368 1088 543 1153 Outhberti
557 1090 723 1153 transtulit
739 1089 779 1154 de
795 1090 906 1154 Oestre
921 1087 956 1153 in
972 1089 1183 1154 Dunelmum.

413 1192 499 1256 Α.Ι).
515 1193 590 1257 996.
635 1192 725 1257 Obiit
742 1193 874 1257 Siricius
889 1192 1163 1276 archiepiscopus3
1187 1191 1239 1255 cui
1255 1212 1325 1254 suc-

371 1296 465 1365 cessit
478 1296 644 1360 Alvericus
659 1296 895 1360 Wintoniensis
911 1296 1086 1379 episcopus.

413 1399 499 1464 Α.Ι).
515 1402 589 1465 997.
635 1399 732 1478 Dani,
748 1405 818 1464 toto
835 1420 937 1482 regno
952 1399 1081 1482 Angliae
1102 1397 1222 1476 invaso,
1245 1418 1325 1481 prae-

371 1503 428 1567 das
451 1502 491 1566 ad
511 1503 641 1567 libitum
665 1503 796 1582 ducunt,
824 1502 963 1567 victoriis
991 1500 1214 1585 frequentibus
1239 1501 1326 1565 inso-

370 1607 507 1685 lescunt,
531 1607 601 1671 aliis
627 1607 702 1671 ficte
727 1607 962 1685 resistentibus,
993 1605 1063 1670 aliis
1088 1605 1124 1668 in
1149 1605 1325 1670 certamine

371 1709 437 1774 fere
460 1732 585 1794 semper
600 1710 883 1775 succumbentibus
893 1736 902 1788 ;
925 1710 961 1772 in
975 1709 1127 1774 omnibus
1148 1708 1269 1792 proeliis
1292 1714 1325 1771 et

371 1815 457 1898 regis
472 1814 600 1898 ignavia
619 1821 651 1878 et
672 1814 873 1898 proditorum
892 1813 1076 1896 frequentia
1097 1819 1213 1876 mutuo
1232 1817 1325 1875 nota-

372 1917 478 1996 batur,
508 1917 594 1982 inter
618 1939 697 2000 quos
726 1917 878 1996 Alfricus,
908 1916 1055 1994 Edricus,
1086 1922 1119 1980 et
1151 1915 1326 1980 Godwinus

372 2021 525 2105 praecipui
540 2027 641 2085 erant.
673 2020 881 2084 Tamerstoke
896 2019 1128 2084 monasterium
1143 2041 1200 2103 per
1215 2019 1325 2083 Dauos

374 2124 561 2188 destruitur.

416 2226 502 2291 Α.Ι).
518 2229 592 2291 998.
647 2227 738 2291 Obiit
764 2228 929 2292 Jobannes
952 2248 1036 2312 papa
1059 2227 1244 2291 exoculatus
1269 2246 1328 2310 per

374 2332 619 2414 imperatorem
642 2332 694 2395 cui
710 2332 862 2396 successit
879 2332 1040 2417 Sylvester
1056 2331 1104 2394 ΙΙ.

416 2436 612 2518 Α.Ι).,ΙΟΟΟ.
645 2437 807 2519 Sylvester
821 2457 912 2520 papa,
929 2434 985 2519 qui
1000 2433 1177 2498 secundum
1188 2432 1327 2497 veriores

374 2538 647 2623 historiographos
668 2538 772 2602 dictus
793 2546 841 2602 est
863 2543 959 2602 autea
982 2536 1170 2616 Gerbertus,
1187 2536 1242 2619 qui
1263 2535 1327 2620 pri·

375 2663 448 2706 mus
471 2642 647 2706 monachus
671 2640 891 2719 Floriacensis,
907 2639 1018 2704 relicto
1040 2639 1235 2703 monasterio
1258 2660 1325 2716 suo,

374 2745 559 2810 liberalibus
585 2745 689 2828 primo
712 2744 825 2809 studiis
852 2743 997 2808 animum
1021 2742 1187 2821 adhibuit,
1211 2741 1327 2805 deinde

377 2847 568 2931 Hispaniam
591 2848 712 2926 adiens,
732 2869 798 2912 non
820 2849 923 2912 solum
946 2847 1102 2931 practices
1126 2849 1328 2910 astronomia

376 2951 478 3016 licitas
501 2950 664 3030 addidicit,
681 2950 747 3029 sed,
761 2957 800 3014 ut
823 2951 922 3015 animi
945 2957 1014 3016 erat
1036 2947 1207 3033 nequioris,
1222 2949 1327 3012 'male-

377 3054 457 3119 ficiis
473 3054 591 3118 dicitur
609 3054 757 3120 scientias
779 3055 926 3119 liberales
947 3054 1093 3132 foedasse,
1109 3059 1141 3117 et
1164 3051 1329 3116 daemoniis

376 3158 557 3222 hominium
567 3158 688 3222 fecisse.
713 3158 853 3223 Rediens
869 3158 1003 3223 enimin
1015 3156 1193 3235 Franciam,
1210 3156 1328 3219 artium

377 3262 558 3327 liberalium
580 3262 703 3327 scholas
725 3262 839 3340 tenuit,
863 3262 998 3326 abacum
1021 3268 1055 3324 et
1078 3258 1204 3324 tabulas
1228 3265 1329 3322 astro·

377 3367 495 3432 nomiae
516 3367 552 3429 in
574 3367 729 3431 Latinum
753 3365 866 3444 vertit,
901 3365 1034 3429 tandem
1055 3384 1112 3447 per
1137 3362 1329 3445 discipulum

377 3492 483 3550 suum,
501 3449 680 3534 Roliertum
694 3470 797 3533 filium
813 3468 964 3551 Hugonis
976 3466 1114 3552 Capeth,
1126 3474 1205 3531 tunc
1219 3487 1329 3548 regem

378 3577 586 3653 Francorum,
600 3575 640 3638 ad
656 3576 849 3639 Remensem
863 3573 1112 3658 promovebatur
1122 3570 1330 3654 archiepisco·

378 3685 501 3761 patum.
547 3677 635 3742 Otho
651 3699 725 3742 vero
745 3679 802 3742 III
816 3678 999 3763 imperator,
1015 3677 1071 3762 qui
1092 3684 1126 3742 et
1147 3677 1215 3760 ipse
1238 3675 1331 3738 disci·

379 3779 474 3862 pulus
489 3779 558 3860 ejus
574 3779 733 3856 extiterat,
745 3778 786 3842 de
802 3780 955 3844 Remensi
969 3780 1011 3844 ad
1026 3782 1281 3858 Ravennensem,
1297 3784 1331 3842 et

380 3881 420 3944 de
436 3880 639 3944 Ravennensi
655 3880 696 3942 ad
711 3881 896 3945 Romanum
918 3904 992 3945 eum
1014 3882 1182 3946 transtulit
1201 3881 1331 3965 pontifi·

381 3990 499 4048 catum.
546 3982 685 4047 Quidam
711 3984 873 4048 maleficiis
896 3985 957 4048 hoc
984 3986 1187 4062 attribuunt;
1214 3983 1332 4049 dicitur

381 4087 470 4151 enim
485 4086 570 4170 quod
592 4093 688 4169 caput
702 4086 838 4151 fudisset
860 4109 986 4152 aeneum
1006 4089 1043 4153 in
1058 4137 1067 4154 .
1084 4137 1092 4155 .
1110 4137 1117 4154 .
1133 4088 1168 4152 id
1190 4093 1249 4166 est,
1264 4107 1332 4151 mo·

381 4196 493 4255 mento
515 4188 736 4273 completionis
758 4191 903 4275 magistri
928 4192 1018 4276 cycli,
1042 4192 1162 4257 scilicet
1187 4190 1334 4259 omnium

382 4294 585 4378 planetarum
601 4295 686 4377 quod
700 4295 737 4358 in
750 4302 871 4379 papatu
890 4296 959 4380 ejus
974 4295 1100 4361 accidit.
1146 4293 1334 4360 Secundum
