3212 5102
379 621 443 684 146
675 640 873 686 cnsouroou
893 641 1026 686 suumn

377 753 492 819 mitem
515 753 704 833 Glovorniae‚
729 755 783 838 qui
804 755 1010 821 Londoniam
1028 755 1203 838 ingressus,
1223 757 1331 820 muni-

380 855 486 922 tiones
498 857 567 941 ejus
579 857 745 940 occupavit
756 879 776 922 a
786 857 911 922 Pascha
920 879 1022 942 usque
1038 858 1080 922 ad
1093 858 1213 922 festum
1228 859 1333 924 sancti

381 959 402 1024 J
404 959 540 1024 ohannis
555 959 729 1042 Baptistae:
751 960 885 1026 tandem
904 961 990 1026 facta
1008 981 1096 1043 pace,
1117 981 1213 1044 super
1233 961 1333 1026 altare

381 1061 485 1126 sancti
504 1061 599 1125 Pauli
620 1081 726 1125 comes
742 1061 872 1146 juravit,
888 1083 921 1126 se
937 1083 1026 1126 arma
1040 1066 1153 1126 contra
1167 1060 1334 1126 dominum

380 1185 500 1246 regem,
527 1163 591 1227 nisi
615 1151 673 1248 pro
697 1184 756 1228 sua
779 1164 972 1243 defensione,
994 1185 1162 1246 nunquam
1187 1169 1333 1247 portatu-

380 1287 473 1330 rum:
496 1265 777 1331 londoniensibus
800 1267 911 1331 comiti
932 1266 1114 1330 faventibus
1137 1266 1237 1330 vitam
1259 1288 1333 1330 oum

380 1367 534 1433 membris
555 1389 612 1433 rex
635 1369 800 1433 concessit.
847 1369 1007 1436 Soldanus
1022 1369 1120 1433 etiam
1136 1368 1332 1453 Babyloniae,

379 1473 537 1537 Armenia
562 1472 735 1552 devastata,
760 1473 967 1538 Antiochiam
993 1474 1088 1557 capit,
1115 1479 1158 1552 et,
1183 1474 1333 1538 omnibus

380 1574 572 1640 Christianis
586 1577 808 1661 martyrizatis,
820 1597 892 1641 eam
906 1577 1054 1641 funditus
1070 1577 1192 1642 evertit.
1221 1575 1333 1641 Insula

380 1677 477 1742 etiam
491 1679 629 1743 Eliensis
650 1679 777 1744 reddita
798 1687 847 1744 est
870 1680 1000 1744 domino
1014 1679 1182 1759 Eduardo,
1199 1680 1255 1762 qui
1272 1680 1332 1743 eis·

380 1780 454 1844 dem
468 1802 580 1863 pacem
594 1781 717 1864 regiam
732 1781 792 1846 sub
807 1783 910 1846 forma
925 1782 965 1846 de
981 1781 1184 1846 Kenilworth
1206 1802 1333 1846 conces-

380 1884 432 1947 sit.
477 1885 612 1948 Decima
632 1885 731 1950 totius
753 1885 830 1950 cleri
852 1886 928 1949 data
948 1905 1006 1968 per
1028 1885 1197 1948 dominum
1216 1906 1332 1969 papam

380 1984 511 2049 domino
524 1986 594 2069 regi
608 2006 666 2069 per
679 1986 866 2066 triennium,
883 1994 915 2052 et
935 1988 980 2052 sic
999 1987 1138 2070 fereper
1153 2008 1284 2078 guerras
1299 1992 1332 2051 et

381 2087 563 2152 exactiones
584 2089 721 2172 populus
744 2089 859 2172 periit:
883 2090 966 2153 siout
989 2090 1137 2172 populus,
1160 2090 1206 2152 sic
1230 2110 1333 2153 sacer-

381 2189 448 2256 dos.
501 2190 645 2274 Legatos
674 2192 833 2257 commisit
862 2192 1098 2276 praedicationis
1128 2191 1268 2256 officium
1293 2191 1333 2256 de

380 2311 474 2356 cruce
489 2292 641 2356 fratribus
655 2293 927 2376 praedicatoribus,
944 2298 977 2356 et
992 2291 1180 2356 minoribus.

430 2396 516 2460 A.D.
534 2397 630 2461 1268.
657 2396 851 2482 *celebravit
868 2397 994 2480 legatus
1010 2395 1182 2460 concilium
1195 2395 1231 2459 in
1245 2395 1332 2458 Lou-

381 2496 478 2564 donia
492 2498 576 2563 circa
589 2499 710 2563 festum
725 2499 828 2564 sancti
844 2499 958 2578 Marci,
973 2499 1031 2563 ubi
1053 2498 1186 2563 absolvit
1200 2504 1270 2562 tam
1283 2519 1333 2562 re-

381 2600 468 2684 gales
480 2621 577 2684 quam
589 2600 726 2665 barones
742 2601 782 2665 ab
798 2602 887 2666 omni
901 2602 1063 2666 sententia
1077 2599 1333 2692 excommunica-

381 2703 489 2782 tionis,
503 2709 537 2767 et
559 2703 600 2768 ab
623 2703 722 2768 omni
730 2705 916 2788 juramento
930 2705 1043 2768 illicito
1051 2727 1060 2780 ;
1085 2710 1118 2768 et
1132 2709 1205 2788 post
1219 2702 1334 2766 nativi·

380 2810 484 2897 tatem
509 2804 613 2870 sancti
639 2804 797 2870 Johannis
826 2807 983 2891 Baptistae
1011 2805 1183 2891 praedictus
1207 2805 1333 2888 legatus

382 2907 603 2987 Octhobonus,
615 2929 716 2991 quum
731 2907 900 2972 dominum
913 2908 1119 2987 Edwardum,
1135 2914 1168 2972 et
1183 2908 1334 2972 comitem

383 3009 573 3090 Glovemiae,
598 3031 635 3075 ac
661 3009 739 3076 alios
767 3012 888 3075 multos
913 3031 1007 3075 cruce
1033 3011 1200 3094 signasset,
1225 3031 1334 3074 versus

383 3112 515 3190 Italiam
528 3113 758 3179 transfretavit.
805 3113 962 3177 Ricardus
985 3112 1083 3176 etiam
1104 3132 1161 3175 rex
1181 3111 1334 3174 Aleman-
1401 3141 1402 3144 ¹

382 3215 446 3280 niae
474 3235 583 3280 versus
615 3215 747 3281 Terram
777 3216 931 3280 Sanctam
966 3215 1029 3278 iter
1066 3235 1161 3278 suum
1191 3212 1333 3296 arripuit.

384 3318 513 3383 Conrad
519 3318 582 3402 [in]
588 3338 626 3382 us
639 3339 714 3382 vero
728 3339 827 3401 nepos
844 3316 1046 3401 imperatoris
1061 3316 1231 3394 Frederici,
1246 3315 1335 3399 parvi

383 3419 528 3503 pendens
565 3419 688 3484 domini
722 3440 813 3503 papae
850 3417 1222 3497 excommunicationem,
1259 3438 1334 3482 cum

385 3522 500 3605 grandi
522 3522 664 3587 exercitu
685 3523 950 3600 Alamannorum,
973 3520 1118 3606 plurimis
1142 3519 1335 3584 Lumbardis

386 3631 419 3688 et
441 3625 552 3688 Tuscis
575 3624 745 3708 adjunctis,
764 3625 922 3710 imperiali
944 3645 1034 3688 more
1054 3625 1192 3687 Romam
1212 3623 1335 3705 ingres-

386 3747 450 3804 sus,
466 3727 640 3793 solenniter
654 3736 703 3793 est
717 3736 885 3813 receptus3
908 3728 994 3792 unde
1009 3749 1084 3792 cum
1099 3727 1229 3791 domino
1245 3728 1334 3790 Hen-

384 3827 461 3906 rico,
478 3834 624 3894 senatore
640 3829 738 3908 urbis,
753 3831 852 3896 fratre
867 3830 951 3915 regis
966 3830 1123 3908 Castellae,
1136 3836 1169 3893 et
1180 3829 1335 3893 Romanis

385 3930 507 4010 multis,
521 3929 675 4014 Apuliam
693 3938 806 3995 contra
826 3933 984 3997 Karolum
1002 3951 1112 4015 regem
1129 3931 1245 3995 Siciliae
1259 3952 1334 3995 oon-

384 4040 502 4114 terens,
526 4033 711 4118 habensque
736 4031 847 4100 secum
868 4034 1026 4100 sexdecim
1055 4035 1157 4098 millia
1179 4055 1335 4118 equorum

384 4138 600 4216 loricatorum,
623 4136 709 4202 bello
733 4138 815 4202 inito
841 4146 890 4203 cst
917 4138 1069 4217 devictus,
1094 4143 1128 4201 et
1150 4143 1273 4221 captus,
1297 4157 1334 4200 ac

385 4262 460 4308 oum
479 4240 629 4308 omnibus
648 4239 821 4322 nobilibus,
842 4241 962 4326 proprii
982 4241 1045 4306 oris
1062 4239 1194 4326 judicio,
1211 4237 1335 4323 abipso
