3212 5102
374 562 417 625 98
680 579 877 623 cnaourcou
894 579 1031 622 annun

374 696 553 761 Jerusalem
575 694 673 774 obiit3
697 695 750 759 cui
765 695 919 761 successit
934 695 1118 760 Amabicus
1132 695 1234 760 frater
1249 695 1329 780 ejus.

375 799 445 862 Rex
463 798 624 863 Henricus
645 797 820 862 honorifice
840 798 960 883 recepit
974 819 1092 882 papam
1107 798 1331 862 Alexandrum

373 921 483 964 versus
514 901 635 964 Gallias
658 901 853 980 venientem,
879 885 1033 966 inductus
1058 900 1099 966 ad
1126 901 1196 986 ejus
1223 900 1333 965 obedi-

374 1003 495 1068 entiam
521 1025 579 1088 par
602 1005 712 1068 literas
738 1004 865 1068 Arnulfi
889 1004 1029 1088 episcopi
1055 1003 1277 1082 Luxoviensis,
1301 1010 1334 1066 et

375 1107 514 1171 maxime
546 1107 617 1171 viva
644 1128 720 1172 voce
757 1107 861 1170 sancti
896 1106 1009 1171 Alredi
1046 1106 1172 1171 abbatis
1209 1106 1335 1170 Rieval-

377 1209 486 1274 lensia.

422 1313 508 1377 A.D.
541 1313 636 1376 1163.
697 1298 879 1376 Concilium
912 1313 1100 1376 Turonense
1134 1333 1192 1396 per
1220 1333 1337 1396 papam

381 1414 602 1480 Alexandrum
625 1415 822 1479 celebratum
838 1421 903 1479 est:
927 1422 1000 1480 acta
1018 1416 1088 1500 ejus
1108 1422 1221 1480 contra
1236 1414 1335 1479 schis-

266 1599 269 1605 ι
382 1519 516 1583 maticos
537 1519 573 1582 in
587 1518 772 1595 Almannia,
793 1523 826 1582 et
850 1523 963 1581 contra
982 1517 1149 1582 haereticos
1162 1517 1199 1580 in
1214 1518 1337 1600 Arago-

380 1622 436 1685 nia
450 1629 483 1686 et
498 1621 665 1700 Navarria,
677 1626 773 1704 prout
784 1619 961 1704 plurimum
975 1619 1196 1684 versabantur.
1221 1619 1338 1683 Trans-

382 1725 461 1789 latio
485 1725 588 1789 sancti
610 1723 760 1788 Edwardi
782 1722 867 1805 regis
891 1729 924 1787 et
946 1722 1146 1801 confessoris,
1166 1728 1340 1806 procurata

380 1848 438 1912 per
467 1826 690 1905 Laurentium,
721 1847 761 1890 ex
790 1824 895 1909 priore
926 1825 1150 1904 Dunelmensi,
1175 1825 1338 1889 Westmo·

382 1929 515 1994 nasterii
529 1929 690 2006 abbatem,
706 1926 866 1991 celebrata
882 1932 931 1991 est
945 1948 1003 2011 per
1018 1931 1167 1990 sanctu'm
1182 1927 1339 1991 Thomam

383 2032 656 2115 archiepiscopum
691 2028 968 2094 cantuariensem.
1031 2028 1169 2092 Sanctus
1200 2027 1340 2093 Alredus

384 2133 483 2198 abbas
497 2133 573 2197 huic
587 2132 791 2196 translationi
810 2131 968 2210 interfuit,
984 2131 1120 2195 offerens
1135 2130 1234 2195 vitam
1255 2130 1341 2213 regis

385 2242 418 2299 et
439 2235 612 2299 homeliam
636 2255 731 2317 super
750 2235 849 2296 Nemo
871 2235 1012 2297 accendit
1036 2236 1200 2312 lucenam,
1221 2235 1276 2297 &c
1300 2231 1342 2296 ad

384 2337 514 2400 laudem
529 2336 672 2420 ejusdem
687 2337 790 2400 sancti
805 2335 938 2400 mirifice
950 2335 1113 2399 dictatam.
1159 2335 1341 2400 Concilium

384 2439 666 2522 Northamptoniae
681 2445 794 2502 contra
809 2438 1090 2522 archiepiscopum.

428 2542 514 2606 A.D.
531 2543 626 2606 1164.
674 2543 812 2607 Sanctus
827 2543 966 2607 Thomas
981 2543 1222 2607 cantuariensis
1240 2542 1343 2607 archi·

386 2645 561 2729 episcopus,
577 2645 618 2710 ob
633 2644 850 2709 intolerabiles
864 2645 1000 2729 injurias
1014 2667 1073 2729 per
1086 2667 1196 2729 regem
1218 2651 1251 2710 et
1269 2666 1343 2709 suos

386 2753 618 2814 consentaneos
638 2755 758 2813 sanctae
776 2748 917 2813 ecclesiae
940 2748 1042 2812 iactas
1063 2748 1197 2813 recessit
1219 2749 1256 2811 in
1279 2748 1343 2812 exi-
1372 2761 1380 2779 ·

387 2853 477 2931 lium,
502 2860 534 2917 et
560 2853 596 2916 in
618 2853 803 2916 Flandriam
826 2853 990 2936 applicuit.
1036 2852 1114 2917 Tres
1137 2854 1221 2918 circa
1245 2853 1345 2916 solem

389 2955 500 3020 circuli
528 2956 688 3036 videntur,
717 2955 832 3040 quibus
862 2956 1137 3035 evanescentibus,
1162 2956 1253 3040 quasi
1281 2955 1346 3018 duo

390 3060 472 3125 soles
496 3065 656 3138 creantur,
682 3081 767 3123 unus
790 3059 832 3122 ad
855 3057 1011 3137 dextram,
1038 3067 1072 3122 et
1098 3059 1179 3122 alius
1202 3059 1243 3122 ad
1271 3057 1346 3122 solis

391 3163 563 3227 sinistram.
610 3163 681 3227 Rex
696 3162 859 3226 Henricus
874 3182 985 3226 omnes
1005 3161 1123 3226 milites
1143 3182 1217 3226 suos
1236 3162 1347 3246 jurare

391 3267 478 3346 fecit,
498 3273 536 3330 ut
561 3272 639 3350 quot
656 3265 799 3330 militum
820 3264 914 3330 feoda
937 3265 1070 3348 quisque
1093 3271 1220 3330 teneret
1240 3265 1348 3349 palam

392 3369 521 3448 diceret,
537 3370 646 3434 volens
660 3390 719 3452 pro
734 3389 869 3432 numero
883 3367 1050 3433 feodorum
1065 3368 1199 3433 cuilibet
1220 3367 1348 3433 servitia

392 3474 566 3556 imponere.

436 3575 521 3640 A.D.
539 3576 634 3639 1165.
680 3575 751 3638 Rex
766 3575 929 3639 Henricus
945 3575 1036 3639 duxit
1054 3575 1152 3639 tertio
1172 3575 1350 3640 exercitum

393 3681 429 3743 in
444 3679 605 3758 Walliam,
620 3679 723 3744 fretus
743 3679 870 3761 ingenti
889 3701 989 3743 manu
1008 3678 1264 3758 Flandrcnsium,
1280 3680 1350 3742 An-

395 3781 632 3864 degavensium,
656 3781 905 3860 Pictavensium,
929 3788 962 3846 et
988 3782 1176 3861 Scotorum3
1203 3781 1351 3866 cepitque

393 3885 554 3950 famosum
569 3885 736 3949 castellum
756 3884 796 3948 de
817 3885 1015 3969 Karadigan,
1031 3885 1178 3970 filiosque
1191 3885 1277 3968 regis
1293 3883 1351 3948 Ris

396 3989 486 4067 duos,
510 3993 544 4052 et
566 3988 648 4052 filios
672 4010 709 4052 ac
728 3989 809 4052 filias
831 3987 990 4078 nobilium
1012 3989 1082 4072 ejus
1104 3995 1213 4072 captos
1237 4009 1351 4052 exocu-

395 4092 482 4171 lavit,
507 4113 605 4156 nares
628 4114 665 4156 ac
691 4113 783 4157 aures
809 4091 954 4176 praecidit
980 4092 1209 4157 crudelissime.
1258 4091 1353 4154 'Pem-

395 4202 502 4281 pestas
524 4195 664 4261 maxima
682 4195 818 4279 fulguris
840 4202 873 4259 et
894 4196 1041 4276 tonitrui,
1057 4196 1144 4280 apud
1168 4192 1354 4276 Scarburgh
