3212 5102
627 668 917 712 nursinuncunsr.
1187 649 1249 713 163

298 786 435 869 visisque
450 785 571 849 vexillis
586 785 757 868 regalibus,
767 785 910 869 praedioti
925 781 1057 850 comites
1068 793 1103 850 et
1112 785 1248 860 barones

298 897 405 972 partes
419 889 562 954 boreales
577 895 685 972 petere
701 890 951 968 consuluerrmt3
974 888 1090 972 quibus
1101 889 1249 954 Andreas

298 993 339 1056 de
370 993 544 1077 Herkeley,
574 1013 680 1056 comes
718 993 944 1071 Karleolensis,
974 1013 1144 1057 occurrens
1174 1014 1248 1057 cum

297 1118 398 1160 manu
419 1095 533 1175 valida,
556 1117 634 1180 pace
655 1097 744 1180 regia
765 1097 965 1180 repromissa,
988 1096 1139 1162 comitem
1161 1097 1246 1161 Lan-

204 1232 205 1236 =
298 1199 432 1278 oastriae,
445 1200 500 1283 qui
510 1219 623 1282 pacem
634 1219 759 1283 semper
770 1198 908 1278 amabat,
919 1206 1133 1283 spontaneum
1144 1200 1246 1284 oepit:

298 1303 412 1367 Comes
423 1324 498 1367 vero
511 1301 680 1382 Hereford,
693 1323 752 1367 neo
766 1302 931 1386 promissis
945 1302 1088 1382 credens,
1100 1324 1161 1368 nec
1174 1303 1246 1387 paci

244 1409 246 1414 ’
272 1416 274 1420 ’
296 1405 510 1485 consentiens,
535 1427 629 1489 super
656 1413 790 1490 pontem
812 1427 972 1490 pugnans,
998 1427 1055 1490 per
1084 1406 1246 1490 quendam

295 1509 357 1575 sub
371 1517 470 1593 ponte
485 1511 681 1575 occultatum
701 1510 738 1574 in
756 1510 891 1593 inguine
911 1531 986 1574 cum
1000 1511 1112 1574 lancea
1125 1510 1245 1593 perfos-

297 1636 360 1693 sus,
383 1614 505 1679 occisus
527 1620 594 1679 est:
617 1635 723 1679 comes
747 1620 856 1678 autem
878 1614 1075 1678 Lancastriae
1097 1613 1244 1678 adPon-

295 1717 501 1782 temfractum
515 1718 677 1796 reductus,
691 1717 815 1782 duobus
830 1718 1044 1802 Dispensariis
1060 1718 1245 1804 adjudican-

294 1821 391 1900 tibus,
421 1822 616 1900 decollatur,
654 1821 762 1886 caeteri
791 1821 927 1885 barones
957 1822 1093 1905 quilibet
1121 1822 1157 1885 in
1186 1843 1245 1886 sua

294 1926 399 2010 patria
413 1925 518 2004 tracti,
535 1932 568 1990 et
584 1924 738 2008 suspensi.

337 2029 422 2094 A.D.
439 2031 535 2094 1322.
573 2028 733 2094 Dominus
751 2025 899 2091 Andreas
920 2027 960 2090 de
982 2025 1154 2112 Herkeley,
1171 2050 1242 2112 pro-

295 2132 379 2197 ditor
393 2133 478 2216 regis
497 2133 658 2210 inventus,
675 2130 715 2196 de
735 2131 851 2195 militia
871 2138 1105 2211 exauctoratus,
1120 2139 1243 2197 tractus

294 2243 343 2302 est
358 2243 390 2301 et
406 2259 588 2321 suspensus.
622 2236 795 2318 Adivitqne
811 2235 960 2298 dominus
975 2256 1041 2314 rex,
1057 2242 1090 2300 et
1104 2234 1242 2320 Dispen-

293 2341 378 2419 san'i,
400 2348 507 2424 partes
532 2340 647 2406 Scotiae
668 2361 743 2404 cum
766 2338 880 2422 grandi
902 2339 1053 2417 exercitu,
1068 2339 1126 2404 ubi
1147 2341 1244 2405 multi

293 2444 378 2509 fame
397 2445 579 2529 perierunt3
605 2445 794 2528 Anglosque
814 2449 1011 2509 revertentes
1032 2443 1120 2508 Scoti
1139 2465 1241 2529 usque

293 2548 334 2612 ad
347 2548 530 2614 Eboracum
551 2549 715 2632 insequuti
736 2553 823 2627 sunt,
838 2547 958 2631 patrias
977 2546 1013 2610 in
1035 2547 1172 2613 circuitu
1187 2549 1241 2614 de-

292 2654 472 2737 praedantes
480 2680 490 2733 3
512 2653 622 2737 ibique
637 2653 677 2717 de
692 2651 948 2717 Eboraoensibus
963 2658 996 2716 et
1011 2653 1133 2717 caeteris
1154 2675 1240 2718 com-

291 2758 438 2841 patriotis
452 2757 592 2823 collectis
607 2757 649 2820 ed
663 2755 877 2821 resistendum
896 2777 965 2820 non
984 2756 1142 2821 modicam
1158 2765 1238 2822 stra-

292 2882 366 2943 gem
380 2861 536 2926 fecerunt.
569 2861 639 2924 Rex
651 2860 720 2944 ipse
734 2860 774 2923 de
790 2859 932 2924 Rievalle
946 2859 1084 2942 fugiens,
1099 2860 1239 2924 salvatus

291 2971 340 3028 est
355 2985 412 3048 per
431 2964 625 3029 conductum
645 2962 783 3027 duorum
798 2962 1047 3026 Rievallensium
1066 2964 1238 3029 monacho·

291 3088 374 3130 rum.
421 3067 547 3150 Regina
571 3073 604 3131 et
630 3066 680 3130 sui
702 3066 742 3129 de
764 3064 969 3149 Tynemutha
992 3085 1050 3148 per
1074 3066 1238 3149 navigium

291 3175 470 3234 evaserunt.
515 3169 667 3248 Rievalle,
698 3189 735 3232 ao
769 3167 879 3231 omnia
907 3167 1102 3231 monasteria
1129 3189 1238 3233 occur-

290 3273 404 3352 rentia,
421 3273 554 3356 direpta.

333 3376 417 3441 AD.
435 3379 529 3440 1323.
567 3375 727 3440 Dominus
749 3375 894 3456 Rogerus
919 3373 958 3437 de
981 3373 1115 3440 Mortuo
1139 3373 1236 3456 Mari,

289 3501 347 3564 per
361 3481 490 3545 cordam
511 3481 550 3545 de
569 3481 671 3544 Turre
690 3478 898 3543 londonensi
918 3476 1083 3558 demissus,
1100 3487 1237 3544 mortem

289 3584 477 3649 demeritam
494 3585 628 3662 distulit,
644 3605 711 3648 non
726 3581 836 3647 evasit.

331 3690 416 3754 A.D.
433 3692 529 3753 1324.
551 3687 711 3753 Dominus
725 3687 884 3750 Edmerus
899 3685 939 3749 de
950 3685 1113 3765 Valencia,
1129 3707 1235 3751 eomes

289 3794 329 3858 de
359 3793 530 3872 Pembrok,
557 3799 590 3857 et
618 3791 757 3856 nuncius
786 3789 908 3854 domini
936 3789 1032 3873 regis,
1058 3791 1174 3855 missus
1198 3792 1235 3856 in

288 3898 467 3976 Franciam,
483 3897 524 3962 ad
543 3917 655 3981 paoem
673 3893 910 3960 reformandam
927 3893 1013 3959 inter
1027 3915 1118 3977 reges
1133 3897 1233 3960 Fran-

288 4002 345 4067 ciae
360 4008 393 4066 et
407 4001 544 4084 Angliae,
558 4023 617 4085 pro
635 3999 786 4082 homagio
799 3998 967 4063 Vasconiae
981 3998 1182 4078 dissidentes,
1197 4001 1232 4063 in

288 4103 425 4169 Francia
437 4103 473 4167 in
486 4104 570 4167 lecto
585 4123 643 4167 suo
659 4100 766 4166 subito
779 4108 926 4166 mortuns
941 4108 990 4166 ost
1003 4102 1163 4167 inventus.

329 4208 414 4275 AD.
432 4209 527 4272 1325.
565 4205 706 4270 Domina
730 4204 878 4284 Isabella,
901 4205 1014 4288 regina
1036 4206 1174 4289 Angliae,
1199 4212 1232 4270 et

286 4333 377 4377 soror
394 4311 479 4395 regis
499 4309 651 4388 Franoiae,
666 4329 724 4393 pro
742 4329 821 4392 pace
839 4307 1042 4373 reformanda
1060 4309 1146 4374 inter
1168 4310 1230 4394 [re-

726 4414 788 4477 n2
