3212 5102
628 637 920 682 rururuuaouusu.
1213 625 1256 686 99
1284 694 1286 697 .

297 750 446 830 maxima,
473 751 530 816 sed
554 751 591 816 in
616 753 685 817 aliis
708 753 795 833 locis,
822 755 981 839 praecipue
1004 755 1040 819 in
1063 755 1140 820 loeis
1162 757 1257 841 juxta

297 875 386 917 mare
400 855 470 919 haec
484 861 658 939 tempestas
673 856 820 920 invaluit.
1014 843 1017 850 ¹

339 957 426 1020 Ar).
444 958 539 1020 1166.
593 958 684 1022 Obiit
711 958 872 1023 Robertus
898 959 1064 1044 episcopus
1090 960 1255 1026 Lincolni·

296 1059 381 1123 ensis
390 1085 400 1138 3
423 1061 475 1122 cui
490 1061 641 1125 successit
658 1059 836 1146 [Walterus
852 1062 892 1125 de
908 1063 1136 1147 Constantiis].
1168 1065 1255 1128 Item

297 1168 426 1226 sanetus
446 1163 585 1228 Ahedus
608 1164 706 1229 abbas
729 1164 938 1229 Rievallensis
956 1165 1106 1248 migravit
1127 1167 1168 1230 ad
1188 1168 1254 1231 Do·

295 1265 431 1345 minum,
448 1267 503 1350 qui
522 1273 633 1346 terras,
650 1274 683 1331 et
703 1274 899 1347 tenementa,
915 1290 990 1352 opes
1010 1274 1043 1333 et
1063 1277 1255 1336 ornamenta

296 1369 437 1432 ecclesiae
453 1391 519 1434 suae
533 1371 648 1434 saltem
668 1370 831 1454 duplicata
847 1371 883 1434 in
904 1378 1048 1454 tempore
1064 1393 1131 1450 suo,
1147 1394 1253 1446 mores

296 1477 329 1536 et
353 1471 415 1536 alia
435 1473 612 1556 spiritualia
632 1480 844 1538 monumenta
867 1474 1082 1557 multiplicata
1103 1475 1139 1538 in
1161 1475 1254 1539 obitu

296 1595 354 1638 suo
370 1574 548 1658 dereliquit.
587 1576 678 1640 Obiit
693 1576 842 1640 dominus
857 1576 1026 1660 Philippus
1043 1577 1165 1659 primus
1179 1585 1253 1661 post

296 1684 445 1742 sanctum
467 1679 626 1744 Alredum
652 1679 752 1744 abbas
779 1680 819 1743 de
845 1687 956 1744 sancto
980 1679 1176 1759 Laurentio;
1201 1681 1254 1744 cui

296 1781 448 1845 successit
478 1782 571 1847 Galo.
625 1783 791 1847 Johannes
820 1783 906 1846 filius
935 1782 1030 1865 regis,
1060 1789 1172 1865 postea
1197 1805 1254 1846 rex

295 1884 433 1967 Angliae,
448 1885 602 1950 nascitur.
1192 1967 1193 1970 Ἴ

338 1988 532 2055 Α.Ι).1167.
563 1988 710 2053 Matildis
725 1988 910 2072 imperatrix
926 1988 1098 2072 quondam,
1111 1994 1144 2051 et
1161 1989 1252 2052 Hen-

295 2089 354 2153 rici
381 2089 466 2172 regis
487 2091 616 2173 Angliae
638 2091 713 2170 filia,
738 2097 771 2154 et
797 2090 933 2155 Henrici
956 2091 994 2154 II
1020 2096 1133 2168 mater,
1160 2090 1251 2154 obiit.

294 2193 477 2256 Amalricus
491 2215 547 2257 rex
562 2195 741 2258 Jerusalem
757 2194 840 2278 cepit
856 2193 1079 2278 Babyloniam,
1096 2199 1129 2258 et
1143 2194 1252 2277 plures

295 2296 440 2360 civitates
458 2297 603 2380 AEgypti,
619 2319 656 2361 ac
676 2298 762 2362 inter
779 2304 908 2362 caeteras
923 2296 1153 2374 Alexandriam
1162 2322 1171 2375 5
1196 2297 1252 2360 sed

295 2421 363 2464 non
383 2399 453 2463 sibi.
500 2398 622 2464 Civitas
638 2400 890 2465 Mediolanensis
908 2400 948 2464 ab
968 2399 1159 2483 imperatore
1175 2399 1251 2463 Fre-

295 2503 401 2568 derico
415 2503 500 2568 circa
517 2505 586 2568 haec
607 2510 753 2588 tempora
772 2504 901 2569 obsessa
920 2510 987 2582 est3
1010 2503 1144 2568 tandem
1166 2502 1252 2566 muri

294 2606 363 2691 ejus
378 2607 525 2672 altissimi
544 2607 691 2673 funditus
712 2607 840 2672 suffossi
859 2614 936 2670 sunt
944 2633 954 2686 3
978 2613 1093 2671 caetera
1112 2607 1147 2669 in
1163 2606 1252 2672 cine·

293 2731 363 2774 rem
387 2711 526 2776 redacta.
581 2711 740 2777 Radulfus
765 2732 839 2776 vero
869 2710 1125 2794 archiepiscopus
1155 2709 1252 2774 Colo-

292 2813 413 2877 uiensis
428 2814 529 2878 trium
543 2835 711 2898 magorum
731 2835 864 2898 corpora
883 2813 923 2878 de
938 2813 1125 2877 Mediolano
1144 2817 1250 2876 trans-

294 2917 371 2981 tulit
386 2917 564 2982 Coloniam.
955 2957 957 2962 2

345 3020 387 3084 A.
398 3021 440 3084 D.
463 3022 557 3086 1168.
611 3019 799 3084 Fredericus
827 3020 1002 3103 imperator
1030 3017 1252 3082 schismaticus

292 3143 367 3187 cum
390 3125 505 3206 grandi
524 3124 666 3190 exercitu
690 3125 827 3188 Romam
852 3123 934 3206 petit
941 3147 953 3202 ,·
976 3121 1033 3184 sed
1055 3121 1178 3183 ultione
1201 3119 1250 3182 di-

292 3226 368 3289 vina
386 3227 544 3290 Radulfus
565 3225 765 3292 Coloniensis
783 3223 1037 3306 archiepiscopus
1055 3227 1088 3285 et
1109 3220 1251 3302 Magun-

292 3327 381 3390 tinus
396 3329 551 3408 intrusus,
561 3327 767 3392 Leodicensis
782 3333 815 3391 et
830 3324 1087 3409 Ratispontensis
1100 3323 1250 3406 episcopi,

292 3411 368 3493 cum
390 3439 510 3512 magna
533 3436 625 3514 parte
649 3428 815 3508 exercitus,
841 3427 896 3512 qui
919 3425 1091 3492 consiliarii
1111 3426 1249 3508 impera-

291 3533 371 3597 toris
397 3534 580 3612 extiterant,
604 3531 840 3616 percutiuntur,
867 3529 990 3612 etipse
1016 3526 1170 3592 confusus
1198 3548 1248 3591 re-

291 3638 387 3703 cedit.
434 3640 596 3704 Henricus
617 3660 674 3703 rex
693 3638 821 3721 Angliae
843 3637 931 3702 dedit
951 3631 1124 3700 Matildem
1146 3635 1247 3700 filiam

292 3763 385 3805 suam
415 3741 559 3806 Henrico
588 3741 664 3807 duci
694 3741 841 3808 Saxoniae
869 3741 905 3804 in
938 3761 1081 3819 uxorem,
1111 3745 1250 3803 matrem

293 3845 430 3909 Henrici
448 3852 560 3929 postea
580 3845 670 3910 ducis
689 3850 723 3908 et
743 3843 881 3908 Othonis
899 3842 1111 3926 imperatoris.
1158 3841 1249 3906 Obiit

291 3945 475 4010 Willelmus
490 3947 735 4012 archidiaconus
746 3945 1038 4029 Northamptoniae.

333 4047 419 4112 ΑΛ).
436 4048 532 4112 1169.
566 4047 723 4112 Ricardus
738 4069 845 4112 comes
861 4048 901 4111 de
918 4046 1051 4130 Strigul,
1067 4069 1125 4132 per
1139 4068 1250 4130 regem

289 4135 472 4215 Henricum
491 4157 634 4234 paternae
653 4149 851 4214 haereditatis
870 4151 1014 4228 extorris,
1031 4149 1146 4232 grandi
1157 4150 1249 4232 juve·

289 4273 370 4316 num
400 4275 501 4318 manu
532 4253 674 4332 collecta,
703 4252 827 4317 invadit
865 4252 1069 4332 Hiberniam,
1100 4250 1249 4337 capitque

741 4365 801 4427 112
