3212 5102
380 573 443 636 114
677 589 875 634 cunourcou
892 588 1029 633 aucun

375 712 488 773 contm
499 705 585 789 regis
595 705 804 784 voluntatem,
816 704 968 768 successit
979 703 1132 786 magister
1145 702 1332 787 Stephanus

375 809 415 874 de
430 810 611 892 Langeton,
623 808 709 891 apud
725 809 861 872 Romam
876 829 896 871 a
909 806 1074 872 monachis
1088 806 1331 870 Cantuariensi-

375 913 437 977 bus
461 912 591 991 electus,
611 918 645 975 ct
664 933 683 975 a
706 932 788 994 papa
808 911 1027 974 confirmatus.
1073 910 1229 974 Monachi
1249 911 1334 974 Oan-

377 1015 555 1080 tuarienses
570 1014 712 1092 exulant,
728 1014 814 1078 bona
828 1034 940 1078 eorum
955 1013 1180 1077 confiscantur.

420 1118 612 1182 A.D.1204.
658 1117 727 1180 lter
741 1115 868 1198 Angliae
889 1115 1054 1181 Johannes
1069 1115 1156 1194 fecit,
1177 1136 1216 1180 ex
1231 1115 1335 1179 omni-

376 1220 439 1286 bus
462 1219 607 1303 portibus
629 1219 768 1302 Angliae,
793 1219 926 1282 classem
950 1218 1136 1296 maximam,
1158 1225 1191 1282 et
1213 1218 1249 1281 in
1271 1218 1335 1282 ric-

376 1322 518 1388 tualibus
548 1343 585 1387 ac
615 1322 710 1385 armis
734 1327 923 1406 apparatum
953 1321 1116 1404 copiosum
1147 1320 1233 1404 apud
1257 1321 1335 1384 Por-

376 1426 524 1491 aestn‘am
547 1424 753 1507 congregari;
778 1423 1088 1508 fortissimorumque
1112 1406 1258 1486 militum¹
1277 1443 1332 1486 er·

376 1529 479 1594 arsita
502 1527 619 1612 grandi
642 1526 785 1606 collecto,
811 1525 852 1590 ad
877 1525 1162 1603 transfretandum,
1189 1531 1222 1589 et
1246 1545 1335 1588 revo-

376 1632 516 1697 candum
545 1630 664 1714 patrias
693 1629 825 1694 amissas
852 1627 1059 1711 inpartibus
1088 1627 1314 1692 transmarinis
1324 1651 1337 1705 ς

377 1735 547 1818 subitoque
566 1733 723 1799 exercitus
742 1731 846 1796 redire
859 1731 1001 1816 jubetur,
1018 1738 1051 1795 et
1065 1752 1162 1796 naves
1178 1730 1243 1794 suis
1258 1752 1332 1814 por-

375 1839 464 1903 tibus
488 1838 715 1916 restituuntur,
739 1857 815 1901 cum
843 1825 994 1899 maxima
1008 1835 1154 1900 omnium
1181 1834 1335 1917 indigna·

375 1942 473 2007 tione.
519 1942 589 2006 Rex
611 1940 779 2024 Philippus
800 1939 893 2003 laetus
915 1939 1059 2017 effectus,
1083 1937 1336 2016 Normanniam,

377 2044 608 2127 Andagaviam,
633 2043 702 2107 sine
728 2044 885 2124 sanguine
909 2041 976 2105 fere
1000 2041 1104 2124 capit:
1137 2039 1338 2123 Rothomagi

377 2169 486 2212 muros
512 2153 545 2211 et
571 2147 710 2226 castella,
733 2153 805 2229 post
830 2145 976 2210 inducias
1002 2167 1176 2224 concessas,
1204 2146 1337 2209 nemine

380 2247 577 2325 defensante,
603 2247 670 2310 solo
699 2254 795 2310 tenus
825 2246 948 2324 evertit,
975 2247 1059 2310 cives
1082 2245 1240 2330 supplices
1268 2246 1338 2309 sina

380 2348 596 2415 misericordia
622 2349 725 2413 caedit.
785 2349 977 2413 Dancastria
1010 2349 1137 2432 integre
1169 2348 1338 2413 combusta

381 2459 440 2517 est.
484 2451 627 2517 Abbatia
642 2451 682 2516 de
698 2453 789 2518 Bello
804 2453 892 2516 Loco
906 2453 1004 2535 Regis
1018 2452 1155 2517 fundata
1170 2460 1228 2516 est.

423 2557 508 2621 A.D.
536 2558 631 2620 1205.
691 2555 851 2638 Magister
879 2555 1062 2619 Willelmus
1091 2556 1131 2619 de
1161 2554 1339 2632 Bramfeld,

381 2658 582 2723 subdecanus
597 2657 783 2734 Lineolniae‚
800 2657 936 2741 septimo
950 2658 1163 2723 kalendarum
1175 2658 1337 2737 Octobris,

382 2760 433 2824 die
448 2761 619 2838 dominica,
633 2761 669 2825 in
684 2761 797 2844 majori
818 2761 950 2824 ecclesia
969 2761 1091 2826 occisus
1111 2768 1170 2826 est.
1215 2762 1339 2828 Willel-

382 2886 455 2928 mus
467 2864 636 2942 Blesensis,
649 2864 813 2947 episcopus
829 2864 1074 2944 lincolniensis,
1087 2864 1184 2943 obiit3
1201 2865 1254 2929 cui
1267 2886 1338 2929 suc·

382 2968 476 3033 cessit
492 2965 593 3050 Hugo
607 2966 655 3030 11.
701 2966 788 3030 Visae
807 2973 883 3030 sunt
906 2967 978 3031 duae
991 2967 1077 3032 lunae
1096 2967 1132 3030 in
1152 2969 1234 3032 coelo
1255 2968 1338 3051 ejus·

382 3071 456 3138 dem
475 3071 675 3156 quantitatis,
691 3091 828 3154 quarum
847 3091 969 3135 cornua
989 3069 1050 3134 sibi
1071 3070 1277 3136 cohaerebant
1299 3091 1339 3134 ex

380 3198 449 3240 una
461 3183 562 3260 parte,
578 3175 694 3239 exalia
709 3173 879 3258 separatim
893 3173 1114 3252 fluctuabant3
1131 3173 1187 3238 sed
1202 3174 1338 3238 tandem

382 3279 624 3356 conveniebant,
636 3278 764 3357 scilicet,
777 3277 900 3361 eclipsis
915 3276 1124 3360 particularis.
1153 3277 1338 3361 Stephanus

383 3382 555 3468 Presbyter
584 3381 752 3446 cardinalis
782 3380 824 3443 ad
852 3379 986 3444 titulum
1015 3380 1118 3444 sancti
1148 3379 1336 3464 crysogoni,

383 3488 515 3552 natione
536 3485 704 3569 Anglicus,
724 3484 779 3568 qui
800 3484 836 3548 in
860 3483 950 3548 curia
973 3484 1121 3548 Romana
1142 3483 1338 3567 theologiam

382 3591 519 3673 legebat,
546 3611 566 3652 a
595 3588 725 3653 domino
748 3609 831 3672 papa
859 3588 895 3651 in
924 3587 1197 3671 archiepiscopum
1227 3607 1338 3650 consa-

384 3701 502 3759 cratur.
551 3691 736 3756 Baldwinus
758 3690 931 3774 imperator
951 3689 1338 3773 Constantinopolitanus,

384 3819 485 3881 quum
507 3795 611 3859 multa
629 3794 742 3877 proelia
762 3793 798 3856 in
821 3793 945 3857 Graecia
969 3799 1101 3857 strenue
1124 3792 1282 3876 gessisset,
1303 3792 1339 3855 in

385 3899 549 3966 obsidione
575 3896 799 3980 Adrianopolis
825 3917 845 3958 a
869 3896 967 3960 fratre
990 3918 1048 3961 suo
1071 3897 1194 3960 occisus
1221 3903 1269 3960 est
1292 3897 1339 3959 la·

385 4010 502 4081 tenter,
521 4009 553 4066 at
567 4000 735 4084 imperavit
750 4020 808 4082 pro
822 4019 869 4062 eo.

430 4108 518 4172 A.D.
559 4105 652 4169 1206.
707 4102 872 4167 lohannes
903 4102 1125 4186 [Ferentinae]
1158 4102 1341 4186 apostolicae

389 4212 472 4282 sedis
501 4210 626 4292 legatus
651 4207 738 4271 venit
767 4206 803 4269 in
826 4205 988 4288 Angliam,
1013 4213 1046 4270 et
1076 4205 1162 4288 apud
1193 4204 1340 4286 Redinge
