3212 5102
588 589 878 634 nurarauauausu.
1147 574 1209 636 115

256 706 428 770 concilium
444 706 602 785 celebrat3
625 706 681 770 ubi
698 707 859 772 Joselinus
880 712 1084 772 consecratus
1106 715 1155 774 est
1176 710 1212 773 in

256 810 440 894 episcopum
456 810 708 875 Bathoniensem
724 833 743 874 a
757 811 910 895 praedicto
928 812 1045 896 legato,
1062 813 1211 878 lohanne

256 913 439 977 Ferentino.
486 913 647 978 Robertus
663 914 762 978 abbas
782 914 822 978 de
838 915 996 1000 Ramesey
1011 916 1212 981 renunciavit

255 1014 410 1079 abbatiae:
426 1015 593 1099 gravisque
609 1017 738 1100 querela
752 1017 983 1081 monachorum
995 1019 1210 1083 Eveshamen-

255 1119 338 1182 sium
352 1118 515 1203 proposita
529 1125 578 1183 est
592 1139 697 1183 coram
713 1119 830 1202 legato,
843 1120 882 1183 de
898 1119 1014 1184 abbate
1028 1121 1090 1185 loci
1104 1122 1210 1200 illius;

254 1221 312 1284 sed
339 1222 465 1304 legatus
496 1229 631 1304 argento
655 1222 785 1304 ligatus,
808 1221 977 1306 negotium
1006 1223 1136 1307 reliquit
1162 1224 1211 1288 in·

254 1324 385 1388 fectum.
424 1324 590 1389 Johannes
604 1346 661 1389 rex
676 1325 911 1408 expeditionem
929 1333 1046 1405 movet,
1061 1333 1094 1391 ct
1110 1328 1213 1411 captis
1324 1359 1327 1366 ·

255 1426 364 1510 paucis
375 1427 621 1506 munitionibus,
633 1427 742 1491 statim
754 1427 848 1492 redit.
875 1427 968 1492 Circa
977 1449 1052 1492 vero
1062 1429 1210 1513 purifica-

254 1529 377 1593 tionem
393 1536 513 1593 sanctae
528 1529 643 1594 Mariae
657 1529 743 1594 facta
757 1535 806 1594 est
820 1530 943 1594 taxatio
957 1531 1063 1595 tertiae
1078 1530 1212 1596 decimae

255 1633 355 1716 partis
383 1633 529 1697 omnium
552 1633 751 1711 catellorum,
776 1638 843 1696 tam
868 1633 1091 1717 religiosorum
1113 1655 1211 1718 quam

255 1741 458 1812 caeterorum,
473 1735 612 1819 exceptis
635 1734 911 1815 cisterciensibus,
930 1757 989 1819 pro
1010 1735 1211 1821 acquirendis

255 1839 348 1903 terris
362 1840 596 1904 transmarinis.
624 1839 763 1904 Sanctus
774 1839 962 1904 Franciscus
973 1839 1049 1904 fecit
1064 1840 1210 1906 ordinem

256 1941 394 2007 fratrum
409 1943 580 2007 minorum.
934 1959 941 1972 '

298 2046 384 2110 A.D.
402 2049 496 2112 1207.
541 2046 608 2110 Diu
623 2052 800 2130 expectato,
816 2051 849 2110 et
864 2044 961 2110 sacris
980 2046 1123 2130 epistolis
1142 2067 1210 2111 cre-

255 2147 314 2212 bro
337 2149 422 2232 regis
442 2170 575 2213 assensu
599 2149 640 2213 ad
660 2149 850 2213 electionem
872 2149 1028 2233 Stephani
1045 2150 1209 2232 requisito,

256 2251 404 2316 dominus
423 2274 515 2336 papa,
531 2252 607 2316 data
629 2251 863 2330 benedictione,
885 2273 960 2316 eum
984 2251 1025 2316 ad
1044 2253 1210 2317 ecclesiam

255 2375 346 2418 suam
361 2356 472 2420 mittit.
518 2357 588 2420 Rex
603 2377 676 2419 vero
690 2378 747 2439 pro
762 2356 883 2421 viribus
898 2349 1067 2436 obsistens,
1083 2357 1209 2421 hostem

254 2458 419 2542 publicum
430 2459 614 2542 proclamat,
627 2459 683 2542 qui
694 2479 769 2522 cum
780 2459 830 2522 vel
840 2459 972 2523 nomine
984 2459 1210 2543 archiepiscopi

254 2561 435 2626 honoraret.
481 2562 637 2626 Monachi
652 2583 671 2626 a
686 2562 862 2626 Cantuaria
880 2563 1014 2647 expulsi,
1029 2563 1153 2646 pedites
1175 2563 1209 2626 in

255 2667 423 2730 Franciam
438 2666 604 2745 recedunt,
619 2665 676 2730 ubi
696 2688 763 2730 non
784 2666 925 2730 deseruit
945 2667 979 2729 in
996 2688 1029 2731 se
1045 2673 1209 2750 sperantes

255 2771 354 2836 Deus.
400 2770 527 2854 Regina
540 2770 669 2853 Angliae
683 2770 806 2854 peperit
820 2771 923 2834 filium
943 2771 1074 2834 nomine
1090 2771 1210 2834 Henri-

254 2894 338 2953 cum,
353 2881 465 2958 postea
486 2895 595 2957 regem
614 2874 753 2956 Angliae.
799 2873 887 2936 Otho
909 2894 965 2937 rex
989 2874 1210 2937 Romanorum

253 2977 341 3040 venit
364 2977 399 3040 in
420 2976 585 3060 Angliam,
610 2976 730 3039 accitus
755 2997 775 3038 a
797 2997 873 3058 rege
900 2975 1050 3039 Johanne
1072 2982 1210 3057 cognato

255 3101 331 3157 suo;
354 3080 410 3143 sed
425 3081 489 3144 cito
503 3080 587 3144 redit
601 3079 637 3143 in
648 3079 884 3143 Alemanniam.
916 3079 1091 3143 Brachium
1106 3079 1210 3142 sancti

255 3182 395 3245 Oswaldi
409 3183 493 3264 regis
508 3190 541 3246 et
557 3182 707 3265 martyris
726 3186 892 3246 ostensum
913 3187 961 3245 est
980 3181 1051 3264 regi
1066 3179 1209 3244 Johanni

254 3285 339 3368 apud
354 3286 511 3366 Burgum.

297 3388 382 3451 A.D.
410 3389 505 3450 1208.
550 3384 650 3450 Nono
674 3383 888 3449 kalendarum
913 3383 1034 3467 Aprilis
1060 3382 1209 3466 generale

254 3489 472 3568 interdictum,
489 3489 529 3554 ab
545 3489 685 3553 adventu
702 3488 805 3552 sancti
815 3487 991 3570 Augustini
1006 3487 1041 3549 in
1055 3484 1209 3568 Angliam

254 3593 386 3657 omnino
407 3593 621 3676 incognitum,
641 3612 698 3675 per
712 3590 866 3673 Angliam
885 3597 918 3655 et
933 3589 1094 3668 Walliam,
1114 3610 1209 3672 prop-

252 3702 304 3761 ter
319 3696 538 3780 expulsionem
558 3694 794 3778 archiepiscopi,
815 3700 848 3757 et
872 3691 1104 3756 monachorum
1125 3689 1209 3753 Can-

253 3799 463 3864 tuariensium
485 3799 684 3884 ejectionem,
700 3798 807 3862 extitit
826 3796 1076 3880 promulgatum.
1122 3795 1209 3856 Exu-

252 3903 341 3967 labat
362 3903 526 3966 Galfridus
546 3903 800 3986 archiepiscopus
821 3899 1041 3976 Ehoracensis,
1062 3917 1099 3961 eo
1122 3895 1209 3980 quod

252 4007 322 4088 regi
342 4006 584 4084 contradiceret,
601 4005 640 4069 ah
662 4004 882 4069 ecclesiasticis
903 4003 986 4066 sicut
1001 4023 1021 4065 a
1034 4000 1122 4063 laicis
1144 4005 1208 4063 ter-

252 4111 332 4173 tiam
348 4109 505 4173 decimam
520 4108 733 4192 extorquenti.
779 4105 1005 4170 cistercienses
1026 4103 1091 4167 suis
1112 4101 1208 4186 privi-
1306 4114 1310 4123 “

253 4213 345 4296 legiis
363 4213 553 4292 innitentes,
572 4210 744 4276 interdicto
764 4231 831 4274 non
849 4208 1014 4274 obediunt.
1058 4204 1209 4288 Episcopi

711 4333 723 4375 1
740 4315 761 4377 2
