3226 5100
619 672 909 718 snrnrnunnnnsn.
1200 653 1241 715 85

332 792 417 856 Ar).
434 795 509 856 989.
557 794 694 858 Sanctus
714 793 894 858 Herbertus
917 793 1117 858 coloniensis
1139 793 1242 858 archi-

290 896 455 980 episcopus
470 897 595 962 claruit.

332 999 417 1064 A.D.
433 1003 507 1065 990.
552 1001 730 1085 Athelgaro
753 1000 978 1066 Cantunriensi
1003 999 1242 1084 archiepiscopo

288 1103 439 1167 successit
467 1104 598 1168 Siricius
620 1104 856 1168 Wintoniensis
886 1104 1071 1188 episcopus3
1102 1103 1155 1167 hic
1184 1124 1243 1187 pro

287 1204 408 1269 clericis
424 1206 633 1272 cantuariam
647 1208 821 1272 monachos
835 1206 972 1272 induxit.
1160 1205 1163 1210 ’

329 1308 424 1373 A.D.·
440 1313 513 1374 991.
561 1311 792 1396 Gippiswicum
821 1309 909 1375 Dani
938 1307 1122 1395 depopulati
1151 1317 1239 1390 ιιιιιι,

253 1405 257 1411 ’
287 1432 423 1494 quorum
455 1413 551 1479 duces
581 1416 714 1480 fuerumt
743 1415 892 1480 Justinus
918 1421 951 1479 ιι
982 1414 1240 1492 Guthmundus;

286 1515 402 1596 quibus
440 1515 552 1581 datum
590 1525 640 1583 est
677 1519 840 1583 tributum
881 1518 992 1582 decem
1027 1517 1167 1581 millium
1202 1517 1240 1580 li-

285 1617 425 1683 brarum.
482 1622 575 1685 Prius
608 1626 719 1686 tamen
751 1622 836 1685 inter
864 1620 935 1684 illos
969 1619 1085 1704 ingens
1118 1620 1241 1684 bellum

286 1727 364 1800 erat,
379 1723 416 1786 in
438 1745 502 1807 quo
524 1731 673 1790 strenuus
695 1725 763 1790 dux
779 1724 1010 1808 Estanglorum
1033 1722 1238 1787 Brithmarus

286 1845 360 1888 cum
395 1825 526 1892 infinita
553 1829 764 1895 multitudine
795 1828 949 1912 utrinque
979 1825 1084 1890 occisa
1113 1825 1239 1905 cecidit,

284 1927 434 2014 Denique
456 1931 590 1996 victores
611 1936 824 2009 recesserunt,
847 1937 880 1994 et
903 1929 979 1994 dato
1003 1929 1157 2013 praedicto
1180 1929 1238 1993 tri·

282 2030 373 2111 butc,
396 2053 416 2096 a
440 2033 561 2117 rapinis
587 2041 621 2098 et
641 2033 798 2099 incendiis
824 2032 1061 2118 aliquantulum
1086 2030 1237 2096 feriatum

284 2141 342 2198 est.
388 2135 587 2201 Procurante
615 2158 698 2220 papa
728 2136 879 2201 Johanne
905 2135 988 2200 XVI
1013 2134 1100 2199 inter
1125 2134 1236 2198 Ethel-

283 2235 397 2302 redum
418 2259 528 2323 regem
551 2245 583 2303 et
605 2238 778 2304 Ricardum
803 2239 920 2304 ducem
940 2237 1153 2303 Ncrmanniae
1174 2259 1237 2320 pax

283 2339 369 2404 facta
390 2347 449 2405 est.
494 2342 732 2407 Monasterium
754 2342 914 2426 Ramesey
936 2362 955 2404 a
976 2340 1073 2404 beato
1088 2340 1237 2405 Oswaldo

284 2443 428 2526 ejusdem
451 2444 623 2510 fundatore
649 2445 825 2511 dedicatum.
882 2444 1027 2508 Johanni
1051 2463 1143 2528 papa
1168 2463 1238 2508 suc-

283 2547 377 2612 cessit
393 2547 569 2632 Gregorius
583 2549 625 2612 V.

323 2650 410 2715 A.D.
425 2654 501 2716 992.
541 2652 680 2716 Sanctus
697 2651 865 2715 Oswaldus
880 2649 1137 2734 archiepiscopat
1151 2647 1236 2714 Ebo-

280 2754 420 2818 recensis
450 2755 591 2821 secundo
619 2755 832 2819 kalendarum
862 2754 976 2818 Martii
1004 2753 1154 2837 migravit
1191 2751 1232 2817 ad

281 2856 469 2937 Dominum,
496 2857 549 2922 cui
577 2857 730 2923 Aldulfus
756 2856 855 2921 abbas
881 2856 984 2940 Burgi
1010 2855 1172 2936 successit,
1199 2861 1233 2920 et

282 2959 443 3024 Kenulfus
457 2960 561 3025 factus
576 2967 625 3026 est
640 2961 739 3024 abbas
753 2982 812 3044 pro
823 2981 871 3024 ec.
915 2959 1119 3024 Athelwinus
1134 2957 1234 3024 etiam

281 3062 347 3126 dux
368 3063 565 3127 Merciorum
585 3061 675 3141 obiit,
696 3069 729 3127 et
751 3062 838 3147 apud
861 3063 1018 3146 Ramesey
1041 3061 1233 3126 tumulatur.

279 3166 420 3230 Alfricus
434 3166 570 3251 profuga
584 3167 696 3232 Dauos
711 3174 824 3232 contra
842 3189 953 3252 regem
968 3174 1001 3231 ιι
1015 3187 1154 3250 regnum
1173 3185 1233 3249 pro

280 3291 372 3353 posse
386 3270 541 3353 provehit.

322 3371 408 3436 ΑΒ.
421 3365 506 3438 993.
552 3372 643 3438 Obiit
672 3393 755 3457 papa
785 3371 968 3456 Gregorius,
998 3370 1051 3434 cui
1080 3367 1232 3434 successit

280 3475 445 3540 Johannes
469 3477 581 3541 XVII.
641 3476 707 3541 Hic
731 3475 858 3541 vivente
889 3473 1045 3556 Gregorio
1071 3494 1129 3557 per
1154 3492 1231 3536 con·

278 3578 382 3643 sulem
395 3579 540 3643 intrusus
555 3585 604 3644 est
618 3578 655 3644 iu
669 3585 834 3664 papatum.
871 3579 1044 3643 Venerunt
1059 3577 1124 3641 duo
1137 3595 1231 3659 reges

278 3681 457 3762 Bonorum,
471 3682 629 3748 Analafus
644 3689 677 3748 et
694 3683 837 3761 Suanus,
850 3704 924 3747 cum
939 3680 1074 3746 navibus
1090 3686 1228 3763 quatuor

276 3790 311 3848 et
325 3785 505 3868 nonaginta
526 3783 635 3850 omnia
656 3784 897 3868 depopulantes,
913 3783 1030 3869 quibus
1049 3803 1106 3848 rex
1124 3781 1228 3848 tribu·

277 3893 350 3951 tum
370 3886 530 3952 sexdecim
550 3886 690 3950 millium
711 3886 866 3950 librarum
886 3886 1049 3970 appendit,
1065 3892 1229 3952 vocatum·

175 4013 178 4018 ·
276 4011 339 4074 que
364 3991 406 4056 ad
429 4013 464 4056 se
485 3991 671 4070 Analafum,
695 3998 728 4056 et
753 3993 941 4058 muneribus
966 3993 1169 4071 honoratum,
1192 3993 1228 4056 in

276 4095 380 4158 filium
394 4094 558 4178 adoptavit
571 4094 608 4158 in
619 4095 862 4161 confirmatione
877 4094 1056 4180 episcopali,
1069 4102 1102 4159 et
1116 4115 1228 4178 pacem

276 4197 478 4280 impetravit3
500 4198 555 4262 ille
574 4204 693 4277 autem,
708 4219 748 4263 ex
769 4199 925 4284 promisso
947 4198 988 4263 ad
1010 4218 1069 4263 sua
1089 4217 1157 4261 non
1177 4216 1227 4261 re·

277 4321 439 4379 versurus,
454 4299 560 4365 rediit.

722 4425 743 4466 u
759 4407 780 4468 2
