3218 5098
372 585 416 647 66
672 603 869 648 cunouroou
887 604 1022 648 susara

371 720 561 797 Urbanum;
585 720 640 805 qui
661 720 746 785 faoto
768 720 854 804 apud
868 720 1000 785 Clarum
1015 721 1166 784 Montem
1189 719 1324 785 coneilio

370 823 520 906 generali,
537 823 576 886 de
598 824 620 886 J
621 822 871 907 erusolymitano
890 823 1006 888 itinere
1028 822 1114 901 feeit,
1136 821 1323 906 statuitque,

370 931 408 989 ut
431 925 485 1009 qui
502 932 577 990 voto
598 925 664 990 illie
685 925 733 990 ire
756 926 948 1009 disponeret,
968 931 1090 990 vestem
1114 946 1206 988 suam
1228 945 1323 988 eruce

369 1027 497 1112 publice
517 1028 668 1111 signaret.
716 1028 844 1111 Signati
867 1048 943 1112 ergo
963 1034 1049 1106 sunt,
1073 1028 1239 1111 episcopus
1262 1027 1323 1091 Po·

370 1131 488 1194 diensis
514 1131 675 1209 Aimarus,
696 1130 890 1194 Godehidus
909 1131 1121 1208 Boloniensis,
1145 1129 1231 1193 filius
1257 1129 1323 1193 Eu-

370 1233 484 1297 stachii
506 1233 641 1311 comitis,
659 1233 724 1296 dux
744 1233 987 1317 Lotharingiae3
1012 1233 1230 1317 sequebantur
1249 1254 1324 1296 eum

368 1336 527 1415 Frisones,
548 1335 749 1418 Lotharingi,
772 1336 923 1414 Saxones,
948 1342 981 1400 et
1008 1336 1115 1400 eaeteri
1140 1336 1318 1400 Germani:

371 1438 583 1523 Raymundus
599 1438 699 1503 etiam
715 1460 821 1503 comes
836 1438 876 1503 de
891 1445 1003 1503 saneto
1018 1438 1158 1523 AEgidio,
1175 1439 1235 1503 sub
1258 1460 1321 1522 quo

369 1542 479 1621 Gothi,
495 1563 670 1625 omnesque
685 1543 833 1626 Hispani,
846 1564 884 1607 ao
894 1542 1087 1607 Wascones:
1104 1542 1314 1606 Boamundus

369 1646 517 1710 dominus
536 1647 693 1711 Calabriae
715 1653 747 1710 et
762 1646 898 1730 Apuliae,
915 1637 975 1711 sub
998 1667 1061 1730 quo
1077 1667 1189 1710 omnes
1212 1645 1319 1710 Italioi

367 1749 560 1814 militabant.
605 1749 817 1815 Normanniae
838 1770 944 1813 eomes
968 1749 1129 1814 Robertus
1151 1748 1239 1812 istud
1260 1747 1322 1812 iter

368 1853 512 1937 arripuit,
543 1859 576 1917 et
605 1873 679 1918 cum
709 1874 747 1918 eo
779 1852 940 1917 Robertus
969 1873 1077 1918 comes
1102 1851 1318 1929 Flandrensis,

370 1956 552 2040 Stephanus
582 1977 688 2020 eomes
717 1956 889 2035 Blesensis,
921 1964 1012 2039 pater
1043 1953 1201 2039 Stephani
1234 1955 1319 2038 regis

369 2058 507 2142 Angliae,
524 2065 556 2122 et
576 2059 762 2124 Baldwinus
781 2059 901 2142 junior,
917 2059 1017 2124 frater
1032 2059 1219 2123 Godefridi:
1241 2059 1320 2122 istos

368 2162 584 2245 sequebantur
613 2162 723 2244 Angli,
753 2162 947 2242 Normanni,
975 2161 1146 2241 Flandriei,
1177 2169 1210 2226 et
1239 2161 1319 2226 oeci·

367 2265 511 2329 dentales
526 2263 651 2344 Franci,
668 2262 768 2348 Hugo
782 2287 929 2348 magnus,
942 2271 975 2329 et
990 2264 1044 2330 alii
1058 2265 1163 2328 multi.
1209 2264 1317 2328 Disse-

366 2369 490 2433 minato
519 2368 607 2432 enim
635 2369 697 2433 hoe
726 2368 823 2433 verbo
851 2388 908 2452 per
941 2390 1080 2452 regnum
1108 2369 1318 2446 Francorum,

367 2471 560 2550 Teutonum,
577 2477 609 2536 et
626 2471 750 2550 Siciliae,
770 2471 894 2535 nobiles
916 2476 949 2535 et
971 2477 1128 2556 potentes,
1150 2471 1263 2536 divites
1286 2478 1319 2536 et

365 2595 530 2658 pauperes,
546 2575 628 2639 mira
648 2575 816 2639 devotione
831 2595 924 2639 eruce
945 2575 1064 2658 signati
1084 2582 1170 2639 sunt.
1219 2575 1317 2640 Sane-

365 2685 419 2742 tus
433 2679 626 2743 Wulstanus
640 2678 839 2743 Wiooiorum
853 2679 1019 2763 episeopus
1035 2679 1126 2743 obiit.

408 2782 572 2846 Walterus
590 2782 756 2866 episeopus
771 2783 976 2862 Albanensis,
991 2783 1118 2866 lagatus
1141 2782 1317 2861 Romanus,

364 2883 498 2968 pallium
512 2884 548 2948 in
562 2884 691 2968 Anglia,
708 2884 750 2948 ad
768 2885 958 2968 petitionem
972 2883 1128 2949 Willelmi
1143 2883 1237 2968 regis,
1254 2904 1318 2967 quo

364 2987 537 3052 Anselmus
574 2987 829 3072 archiepiscopus
865 2987 1032 3067 infulatur,
1068 2988 1187 3052 attulit.
1248 2989 1317 3052 Rex

364 3089 462 3152 etiam
477 3088 658 3152 Willelmus
680 3089 801 3153 ducens
821 3089 996 3154 exercitum
1014 3090 1050 3154 in
1068 3089 1316 3155 Northanbum-

363 3193 477 3272 briam,
495 3192 674 3258 Robertum
689 3193 850 3271 comitem,
866 3193 989 3257 dietum
1004 3193 1175 3278 Moubray,
1188 3201 1220 3257 et
1231 3193 1315 3256 Wil-

362 3295 508 3361 lielmum
530 3297 570 3360 de
585 3295 653 3374 Ow,
674 3317 748 3360 cum
769 3294 842 3374 suis,
867 3294 952 3379 capit
978 3294 1063 3379 apud
1085 3295 1314 3383 Tenomittam,

364 3420 401 3464 eo
417 3399 502 3483 quod
518 3399 707 3464 seditionem
722 3419 848 3462 movere
864 3418 917 3461 eos
933 3397 1074 3461 audisset
1088 3396 1258 3476 meditari,
1282 3405 1315 3462 et

364 3502 449 3587 apud
463 3502 653 3566 Windesore
668 3501 822 3566 custodiae
836 3500 1021 3565 traduntur.

406 3605 491 3669 A.D.
509 3605 604 3668 1096.
649 3603 832 3668 Willelmus
856 3603 895 3666 de
918 3603 977 3667 Ow
997 3603 1033 3667 in
1054 3601 1161 3667 duello
1180 3602 1219 3666 de
1239 3623 1315 3666 oon-

364 3705 538 3790 spiretione
561 3705 734 3785 convictus,
750 3705 850 3771 oeulis
872 3705 1018 3789 privatur
1040 3714 1072 3770 et
1094 3705 1257 3781 virilibus3
1281 3712 1315 3769 et

362 3809 470 3873 caeteri
484 3807 691 3872 consentanei
706 3808 843 3872 convicti
854 3807 985 3872 diversis
999 3808 1103 3893 poenis
1118 3808 1312 3872 afficiuntur.

364 3909 524 3975 Robertus
549 3910 738 3974 comitatum
763 3910 977 3976 Normanniae
1001 3934 1058 3996 pro
1081 3913 1170 3976 mille
1199 3910 1313 3975 mareis

362 4013 504 4078 invadiet
525 4012 595 4095 regi
613 4012 776 4076 Willelmo
798 4013 890 4078 fratri
913 4037 988 4094 suo;
1011 4037 1069 4099 pro
1092 4037 1156 4100 qua
1176 4013 1313 4098 pecunia

361 4116 497 4182 levanda
513 4115 607 4180 fracti
629 4121 706 4179 sunt
725 4116 848 4195 calices,
864 4125 897 4181 et
919 4119 981 4183 alia
1001 4125 1191 4184 ornamenta
1213 4117 1312 4182 eoele-

362 4222 481 4288 siarum
495 4217 696 4299 infiscantur,
707 4241 781 4285 vasa
792 4228 825 4284 et
840 4242 937 4285 aurea
947 4228 980 4286 et
991 4231 1145 4305 argentea
1156 4221 1313 4286 comitum
