3212 5102
572 649 864 696 rnraruuaonnsr.
1155 635 1196 704 85

243 773 277 831 et
299 789 318 830 a
339 772 409 832 toto
424 767 559 832 concilio
574 768 795 852 approbatum,
812 767 1004 848 Galfridum,
1021 769 1198 834 carnoten-

245 892 314 935 sem
332 869 526 954 episcopum,
540 871 684 954 legatum
699 871 882 955 apostolica
897 871 981 936 sedis
1000 870 1036 934 in
1051 871 1195 936 Francia.

244 974 404 1040 Geraldus
415 995 489 1039 vero
500 975 754 1058 Engolismensis
770 975 946 1059 episcopus,
959 981 1056 1040 antea
1065 975 1196 1040 functus

242 1076 304 1140 hoc
330 1077 444 1154 officio,
472 1098 568 1161 super
596 1078 657 1142 hoc
686 1077 885 1160 indignatus,
913 1101 933 1144 a
957 1079 1055 1144 Petro
1078 1078 1197 1144 Leonis

240 1180 323 1244 illud
338 1180 477 1245 officium
492 1181 686 1265 impetravit,
698 1188 731 1245 et
747 1182 857 1245 statim
872 1203 1040 1265 aggressus
1051 1183 1196 1266 pecuniis

179 1312 185 1323 ·
243 1290 275 1348 et
290 1283 476 1362 mendaciis,
486 1284 686 1348 Willelmum
698 1284 848 1349 comitem
858 1286 1080 1350 Pictavensem
1092 1287 1197 1351 solum

243 1386 283 1450 de
311 1387 519 1470 magnatibus
542 1389 740 1452 Francorum
769 1389 804 1451 in
834 1396 960 1472 partem
989 1391 1058 1474 ejus
1087 1391 1194 1454 traxit

244 1489 359 1553 Comes
381 1489 616 1568 Murranensis,
633 1511 707 1555 cum
730 1491 806 1570 suis,
826 1513 845 1555 a
865 1491 969 1556 Sectis
992 1492 1114 1556 occisus
1136 1499 1195 1557 est.

244 1592 387 1657 Abbatia
401 1593 578 1662 Furnensis
593 1594 679 1658 faeta
694 1599 753 1657 est.

287 1699 373 1763 A.D.
391 1701 487 1763 1131.
533 1698 719 1762 Baldwinus
734 1698 782 1762 II.
799 1718 855 1762 rex
870 1697 1049 1762 Jerusalem
1071 1697 1197 1778 tertius,

244 1801 341 1866 obiit:
365 1803 417 1865 cui
432 1801 584 1866 suecessit
598 1802 698 1866 Fulco
713 1822 819 1867 comes
832 1800 1085 1884 Andegavensis,
1098 1801 1197 1866 filiam

244 1905 329 1988 regis
359 1905 481 1969 ducens
510 1904 546 1968 in
568 1926 712 1969 uxorem.
758 1902 915 1969 Hervaeus
941 1904 1106 1988 episcopus
1131 1905 1198 1968 Illi-

246 2008 332 2073 ensis
346 2007 435 2073 obiit.
481 2009 640 2074 Ricardus
654 2009 820 2093 episcopus
838 2007 1084 2072 Herefordensis
1099 2007 1196 2073 obiit:

246 2111 300 2175 cui
331 2112 484 2176 successit
514 2112 686 2192 Robertus,
716 2112 804 2196 prior
832 2112 872 2176 de
901 2112 1042 2176 Lenton.
1099 2113 1206 2190 Imro-¹

246 2215 373 2280 centius
395 2215 481 2298 apud
495 2215 654 2280 Leodium
674 2215 828 2281 Lothario
847 2215 1032 2300 imperatori
1051 2216 1199 2294 occmrit,

248 2320 304 2406 qui
334 2340 434 2402 quum
457 2319 697 2385 restitutionem
720 2319 994 2399 investiturarum,
1017 2321 1086 2403 jam
1109 2320 1200 2403 quasi

246 2430 364 2486 nactus
385 2423 670 2506 opportunitatem,
695 2423 735 2488 ab
762 2423 956 2488 Innocentio
981 2430 1115 2507 peteret,
1141 2445 1200 2506 per

247 2527 352 2590 sancti
362 2525 522 2590 Bernardi
536 2526 730 2590 industriam
741 2528 896 2610 placatus,
909 2533 942 2592 et
953 2527 1056 2610 petita
1066 2527 1198 2591 dimisit.

246 2631 385 2714 Insuper
399 2651 495 2694 omne
510 2651 606 2694 suum
624 2630 781 2694 auxilium
801 2638 915 2695 contra
931 2631 1065 2695 Petrum
1081 2630 1199 2694 Leonis

247 2733 510 2798 christianissime
526 2733 681 2817 promisit.
727 2734 825 2798 Redit
842 2756 918 2816 crgo
929 2755 1012 2818 papa
1023 2755 1080 2817 per
1092 2733 1199 2797 Clare-

247 2839 361 2902 vallem
382 2838 418 2901 in
436 2838 616 2917 Ihanciarn,
635 2843 668 2901 et
687 2837 798 2900 Remis
818 2835 979 2900 celebrato
999 2835 1142 2914 concilio,
1163 2857 1200 2900 ao

246 2949 337 3026 parte
366 2941 456 3006 Petri
492 2941 611 3005 Leonis
647 2941 777 3024 penitus
796 2940 970 3034 damnata,
1000 2939 1042 3002 ad
1071 2939 1200 3003 Italiam

248 3045 401 3110 ascendit.
436 3046 498 3110 (lui
509 3045 682 3110 Lotharius
697 3044 881 3128 imperator,
894 3041 1199 3128 juxta‘oondictum,

247 3170 322 3213 cum
337 3149 452 3233 grandi
466 3149 609 3213 exercitu
625 3149 664 3212 de
674 3147 868 3212 Alamannia
879 3147 1011 3210 collecto
1021 3167 1200 3225 occurrens,

246 3274 363 3336 papam
384 3252 616 3315 Innocentium
638 3251 675 3313 in
697 3250 803 3334 papali
828 3249 981 3313 cathedra
1004 3249 1147 3327 collocat,
1168 3258 1201 3314 et

247 3355 364 3419 deinde
379 3354 549 3418 Lateranis
571 3354 612 3418 ab
635 3353 748 3417 eodem
763 3352 958 3416 Innocentio
974 3351 1010 3415 in
1029 3351 1200 3434 imperato-

248 3479 318 3522 rem
334 3464 517 3532 coronatur.

290 3561 490 3629 A.D.113a
534 3560 718 3624 Willelmus
741 3558 908 3643 episcopus
926 3557 1122 3622 Pictavensis
1144 3579 1202 3642 per

247 3664 399 3730 comitem
424 3663 636 3743 Willelmum,
661 3669 694 3727 et
719 3662 897 3727 Geraldum
921 3661 1201 3744 Engolismensem

246 3767 441 3851 episcopum,
459 3768 580 3852 ejectus
601 3773 679 3832 erat.
725 3765 824 3830 Unde
845 3765 1010 3829 Galfridus
1035 3764 1200 3850 episcopus

248 3870 466 3950 Carnotensis,
491 3869 618 3952 legatus
647 3867 769 3933 domini
798 3889 889 3951 papae
917 3866 954 3931 in
982 3868 1126 3949 Francia,
1152 3893 1200 3935 as-

248 3979 378 4056 sumpto
393 3993 502 4036 secum
517 3978 629 4036 sancto
644 3970 819 4049 Bernardo,
832 3975 1037 4035 statueratet
1051 3973 1202 4038 comitem

248 4075 488 4140 schismaticum
508 4096 665 4153 revocare,
689 4081 724 4138 et
742 4073 926 4158 episcopum
948 4075 1087 4158 ejectum
1109 4078 1201 4140 resti-

248 4179 349 4245 tuere.
395 4182 462 4246 Diu
476 4201 534 4264 per
547 4179 770 4244 internuncios
785 4178 985 4244 elaboratum
1000 4186 1059 4259 est,
1071 4187 1105 4244 et
1119 4181 1201 4244 nihil

249 4284 417 4348 effectum:
446 4283 567 4347 acriora
594 4303 670 4365 ergo
694 4277 784 4346 arina
809 4281 943 4346 assumit
970 4288 1100 4346 sanctus
1123 4284 1200 4348 Ber-
