3212 5102
561 647 850 694 ceramussense.
1121 628 1182 692 131

235 761 367 827 omnino
380 761 553 841 retrahere,
563 762 613 828 vel
628 764 741 828 saltem
753 763 851 846 digno
866 763 1084 828 moderamine
1099 764 1185 828 miti·

236 886 321 947 gare.
336 865 989 950 ScholaresParisiensescessabantlegere
997 888 1188 950 perannum

235 989 293 1051 pro
305 967 511 1032 infestatione
520 966 645 1031 civium.
669 969 808 1052 Insuper
820 967 882 1032 hoc
897 990 983 1033 anno
994 975 1063 1033 erat
1076 969 1188 1033 Simon

236 1071 323 1154 prior
337 1071 442 1155 primo
455 1071 603 1154 praefixus
618 1071 652 1136 in
667 1071 805 1156 priorem
819 1072 979 1155 prioratus
997 1072 1162 1158 Spalding.

280 1174 365 1238 A.D.
390 1175 485 1238 1230.
524 1175 595 1238 Rex
618 1174 782 1239 Henricus
804 1196 879 1238 cum
900 1196 1020 1258 magno
1046 1175 1189 1240 exercitu

237 1276 456 1341 transfretavit
477 1276 514 1339 in
536 1276 749 1357 Britanniam,
772 1277 807 1340 in
829 1298 885 1361 spe
905 1278 1101 1342 haereditatis
1124 1299 1190 1344 suae

237 1379 483 1463 recuperandae3
505 1379 593 1444 unde
615 1381 735 1445 infecto
758 1382 898 1464 negotio,
924 1387 956 1446 et
983 1381 1106 1446 amissis
1132 1402 1190 1465 pro

238 1482 423 1566 pestilentia
441 1482 552 1547 multis
573 1483 613 1546 de
633 1483 838 1566 magnatibus
859 1483 935 1564 suis,
954 1484 1023 1548 sine
1042 1484 1137 1548 laude
1158 1490 1191 1548 et

241 1585 342 1668 gloria
356 1585 421 1650 cito
436 1606 579 1650 reversus
594 1592 654 1650 est.
700 1586 914 1669 Raymundus
929 1587 969 1651 de
984 1588 1104 1670 Burgo,
1122 1587 1192 1650 Gil-

238 1689 351 1754 bertus
367 1689 407 1752 de
423 1689 525 1767 Clare,
542 1695 575 1753 et
591 1688 645 1753 alii
659 1689 765 1769 multi,
780 1689 901 1754 ibidem
916 1689 1076 1754 obierunt.
1111 1689 1191 1752 Gre-

241 1791 348 1874 gorius
362 1812 454 1875 papa,
471 1812 572 1875 quum
587 1791 627 1856 ab
641 1791 844 1875 imperatore,
857 1793 912 1876 qui
925 1798 1006 1857 tunc
1020 1815 1059 1857 ex
1074 1813 1193 1876 magna

240 1900 331 1977 parte
345 1893 575 1976 patrimonium
591 1894 731 1960 ecclesiae
746 1901 964 1979 occupaverat,
982 1896 1018 1959 in
1036 1895 1117 1960 urbe
1136 1895 1193 1960 ob-

241 1997 409 2076 sideretur,
425 1997 534 2062 videns
550 1998 646 2062 etiam
661 2019 744 2082 pene
759 2019 872 2062 omnes
887 1999 1050 2063 Romanos
1064 2018 1122 2081 per
1138 2016 1193 2081 pe·

243 2100 372 2164 cuniam
387 2107 553 2184 corruptos
568 2123 646 2181 esse,
662 2101 822 2185 excipiens
841 2103 947 2186 capita
966 2103 1192 2185 apostolorum,

241 2209 275 2266 et
296 2203 530 2286 processionem
552 2225 573 2267 a
594 2204 755 2269 Laterano
777 2225 878 2288 usque
901 2205 942 2270 ad
964 2212 1111 2269 sanctum
1133 2206 1194 2268 Pe-

242 2313 332 2370 trum
353 2306 483 2384 faciens,
506 2307 630 2372 animos
653 2309 875 2372 Romanorum
898 2308 943 2373 sic
965 2308 1133 2386 revocavit,
1155 2312 1195 2371 ut

243 2429 325 2492 pene
340 2430 452 2474 omnes
467 2411 630 2475 Romanos
645 2417 758 2476 contra
774 2412 1000 2495 imperatorem
1019 2431 1112 2476 cruce
1132 2410 1194 2493 sig·

219 2573 220 2576 ,
242 2518 359 2591 naret;
384 2512 469 2595 quod
489 2513 672 2596 imperator,
689 2513 744 2598 qui
762 2514 832 2599 jam
853 2514 1003 2580 credebat
1026 2535 1059 2578 se
1080 2511 1196 2578 urbem

242 2615 451 2695 intraturum,
467 2617 611 2697 audiens,
627 2618 668 2682 ab
682 2619 763 2684 urbe
777 2619 906 2701 longius
920 2619 1040 2691 timens
1054 2615 1196 2681 recessit.

287 2720 484 2784 A.D.1231.
523 2721 615 2785 Obiit
634 2722 792 2787 Ricardus
814 2721 968 2803 Magnus,
989 2717 1196 2803 archiepisco·

245 2844 305 2907 pus
319 2823 580 2902 Cantuanensis3
604 2825 657 2888 cui
672 2825 822 2890 suecessit
837 2824 991 2906 magister
1005 2819 1197 2886 Edmundus

244 2924 286 2988 de
315 2925 532 3008 Abingdonia‚
561 2927 778 2992 thesaurarius
807 2925 1052 2990 Salisberiensis.
1104 2921 1198 2988 Obiit

246 3035 376 3093 sanctus
390 3028 554 3094 Antonius
570 3029 610 3092 de
625 3030 737 3094 ordine
751 3030 888 3093 fratrum
902 3029 1074 3092 minorum.
1119 3026 1198 3088 Fae-

247 3134 301 3192 tus
321 3137 371 3194 est
391 3151 529 3213 magnus
546 3137 641 3195 terrae
660 3137 768 3196 motus
782 3151 955 3214 parumper
969 3135 1045 3194 ante
1059 3127 1200 3191 mediam

137 3317 140 3322 Ι
247 3237 386 3310 noctem,
402 3238 492 3296 sexto
507 3232 720 3296 kalendarum
734 3231 912 3296 Februarii.
957 3231 1031 3297 Hoc
1045 3223 1199 3312 tempore,

247 3332 283 3395 in
304 3353 405 3416 regno
428 3333 567 3397 Ferandi
587 3334 672 3416 regis
694 3334 873 3411 Thaletem,
891 3334 928 3396 in
946 3331 1115 3417 Hispania,
1131 3331 1201 3414 qui·

251 3435 327 3500 dam
346 3436 480 3501 Judaeus
501 3437 751 3502 comminuendo
772 3458 873 3500 unam
894 3457 1008 3522 rupem
1029 3455 1087 3518 pro
1108 3434 1202 3498 vinea

251 3538 443 3622 amplianda,
472 3540 509 3604 in
537 3539 644 3604 medio
672 3539 787 3624 lapidis
815 3538 941 3604 invenit
970 3536 1203 3603 concavitatem

248 3663 358 3722 unam,
380 3644 503 3708 nullam
522 3643 652 3728 penitus
673 3643 859 3708 divisionem
880 3641 931 3706 vel
953 3641 1124 3705 scissuram
1145 3639 1202 3702 ha·

248 3745 390 3825 bentem,
413 3747 503 3811 etin
525 3748 723 3812 concavitate
744 3747 800 3810 illa
821 3746 941 3830 reperit
962 3744 1092 3824 librum,
1112 3741 1203 3826 quasi

248 3849 325 3914 folia
345 3849 455 3932 lignea
468 3849 663 3929 habentem3
687 3850 742 3935 qui
756 3849 838 3914 liber
852 3849 956 3913 tribus
971 3847 1089 3930 linguis
1105 3846 1203 3930 scrip-

248 3959 312 4031 tuS,
322 3952 468 4017 videlicet
482 3953 651 4032 Hebraico,
662 3954 784 4033 Graeoe,
797 3959 830 4017 et
845 3952 972 4030 Latine,
987 3958 1118 4017 tantum
1132 3950 1203 4014 lite-

248 4076 359 4118 rarum
375 4055 563 4120 continebat
579 4062 737 4138 quantum
750 4078 855 4120 unum
869 4054 1064 4119 Psalterium
1072 4079 1083 4132 3
1106 4058 1139 4117 et
1158 4053 1205 4115 lo-

251 4156 410 4241 quebatur
428 4158 468 4222 de
487 4157 607 4241 triplici
620 4158 743 4222 mundo
758 4156 799 4222 ab
814 4158 921 4223 Adam
937 4177 1039 4240 usque
1054 4154 1096 4219 ad
1109 4153 1205 4218 Anti-

248 4261 418 4340 christum,
433 4261 644 4346 proprietates
661 4261 831 4326 hominum
853 4261 1073 4345 cujuscunque
1092 4257 1207 4321 mundi

692 4367 752 4429 n2
