3218 5098
607 690 895 734 rururnuncnusn.
1189 671 1244 731 53‘

318 815 402 878 Ab.
422 813 515 875 1063.
551 811 621 874 Rex
644 807 866 873 Northwalliae
890 806 1046 871 Griffinus
1072 806 1241 889 impetum

278 915 414 981 Haroldi
443 914 533 978 ducis
558 914 818 991 Westsaxouum,
849 918 882 975 et
912 909 1013 973 'Postii
1042 909 1150 973 fratris
1180 909 1230 972 sui

277 1019 401 1083 comitis
416 1014 792 1094 Northanhumbrorum,
808 1036 875 1078 non
892 1014 1008 1092 ferens,
1024 1013 1136 1096 fugere
1154 1033 1230 1076 con-

277 1121 370 1187 sulit:
395 1120 481 1184 unde
500 1119 691 1196 Wallenses,
713 1117 797 1181 datis
822 1116 997 1194 obsidibus,
1018 1137 1086 1180 sese
1107 1137 1228 1200 suaque

276 1224 445 1300 dederunt,
463 1222 699 1304 Griffinumque
714 1220 898 1302 exlegantes
913 1218 1111 1303 abjecerunt.
1268 1295 1271 1303 Ι

320 1328 404 1391 An.
433 1327 528 1389 1064.
573 1324 675 1389 Multi
705 1345 744 1388 ex
781 1344 882 1407 regno
916 1322 1119 1406 imperatoris
1153 1323 1229 1386 Ale-

276 1431 416 1495 manniae
445 1452 519 1494 cum
548 1428 745 1512 Magantino
775 1428 909 1511 aliisque
939 1427 1044 1490 tribus
1074 1426 1228 1510 episcopis

278 1535 299 1598 J
300 1536 513 1619 erusolymam
528 1553 662 1616 peregre
678 1531 842 1609 adeuntes,
859 1515 991 1594 adversa
1005 1530 1118 1608 multa,
1134 1551 1228 1613 prop·

278 1645 328 1702 ter
356 1637 501 1721 pecuniae
529 1634 774 1699 multitudinem
804 1655 901 1717 quam
932 1654 1039 1697 secum
1071 1633 1228 1711 tulerunt,

277 1740 417 1825 perpessi
433 1746 509 1803 sunt
518 1765 528 1817 3
551 1739 587 1802 in
601 1733 741 1818 tantum,
757 1744 795 1800 ut
810 1738 862 1800 vix
883 1737 923 1801 de
943 1745 1066 1821 septem
1086 1737 1228 1802 millibus

278 1844 341 1908 duo
365 1844 466 1907 millia
488 1849 735 1907 reverterentur.
782 1841 945 1904 Haroldus
966 1840 1007 1904 ad
1029 1840 1230 1904 Willelmum

278 1948 428 2012 comitem
447 1945 658 2010 Normanniae
677 1944 829 2023 mittitur,
850 1944 899 2008 uti
922 1944 952 2008 ei
972 1951 1121 2029 exparte
1144 1945 1229 2028 regis

278 2049 427 2114 Edwardi
457 2049 497 2113 de
526 2070 626 2131 regno
659 2055 731 2132 post
765 2047 849 2131 regis
884 2046 1008 2111 obitum
1045 2047 1229 2111 cautionem

278 2151 386 2214 daret:
403 2149 515 2213 dicunt
531 2150 584 2212 alii
600 2171 674 2212 eum
685 2149 722 2212 in
732 2149 969 2213 Normauniam
985 2171 1059 2213 casu
1075 2150 1229 2228 delatum,

277 2253 324 2318 ibi
345 2252 444 2316 filiam
458 2253 615 2317 Willelmi
634 2273 709 2315 cum
730 2252 940 2336 jurejurando
962 2253 1022 2317 sibi
1046 2241 1210 2336 copulasse
1220 2278 1229 2331 3

279 2358 335 2421 sed
358 2363 470 2440 postea
494 2356 584 2439 quasi
603 2357 668 2419 vim
690 2378 821 2441 passum
845 2379 863 2420 a
888 2357 1058 2440 sponsione
1081 2357 1228 2421 resilisse.

278 2461 384 2544 Caput
409 2461 538 2525 Griffini
556 2461 772 2524 Wullensium
796 2462 892 2544 regis,
915 2483 990 2525 cum
1013 2469 1116 2526 rostro
1140 2461 1229 2526 navis

279 2565 432 2650 ejusdem,
454 2564 494 2630 ab
515 2565 592 2648 ipsis
607 2564 826 2628 Wallensibus
850 2566 892 2629 ad
913 2565 1094 2629 Haroldum
1117 2565 1229 2648 depor-

279 2674 386 2733 tatur:
409 2688 465 2730 rex
479 2688 554 2731 vero
568 2672 689 2731 terram
705 2668 774 2751 ejus
790 2667 915 2732 duobus
930 2669 1084 2733 fratribus
1101 2668 1229 2732 Griffini
1347 2659 1350 2664 ’

280 2773 453 2855 Bletgento
468 2778 501 2835 et
522 2771 773 2851 Puthewallano,
785 2773 895 2856 jurata
913 2772 1069 2837 fidelitate
1092 2778 1124 2836 et
1145 2772 1229 2836 obsi-

279 2874 373 2939 dibus
389 2875 482 2952 datis,
498 2875 708 2938 confirmavit.

323 2979 408 3043 A.D.
441 2979 535 3041 1065.
591 2978 777 3060 Agelwinus
808 2977 1035 3042 Dunelmeusis
1065 2978 1230 3062 episcopus

279 3103 350 3145 ossa
374 3081 461 3146 beati
488 3080 637 3158 Oswaldi,
663 3080 748 3164 regis
774 3087 807 3144 et
832 3082 991 3165 martyris,
1016 3081 1102 3164 apud
1124 3082 1228 3166 Tyne-

278 3185 426 3249 mutham
449 3184 488 3249 de
509 3184 637 3248 tumulo
659 3184 695 3247 in
721 3184 838 3248 scrinio
860 3207 936 3249 cum
958 3186 1080 3249 bonore
1102 3185 1235 3252 levavit..

280 3288 341 3352 His
368 3288 490 3367 diebus,
514 3288 551 3351 in
576 3288 715 3352 confinio
738 3287 950 3352 Normanniae
980 3295 1013 3352 et
1039 3288 1228 3366 Britanniae,

277 3393 393 3456 mulier
408 3391 555 3476 quaedam
569 3398 648 3470 erat,
661 3414 732 3475 quae
748 3392 812 3455 duo
827 3392 941 3475 capita,
954 3398 1091 3475 quatuor
1101 3413 1227 3469 manus,

278 3502 311 3560 et
333 3496 442 3560 omnia
458 3517 560 3579 usque
584 3494 626 3559 ad
644 3495 832 3560 umbilicum
853 3494 993 3559 habebat
1014 3495 1163 3579 duplicia,
1179 3495 1235 3558 in-.

277 3600 375 3664 serius
389 3621 464 3664 vero
479 3600 652 3683 simplicia3
675 3599 810 3678 ridebat,
823 3599 1019 3678 comedebat,
1035 3598 1228 3682 loquebatur

276 3724 349 3787 pars
379 3724 463 3780 una3
500 3702 608 3781 flebat,
639 3702 809 3782 esuriebat,
839 3702 967 3766 tacebat
997 3724 1070 3787 pars
1102 3704 1225 3768 altera:

276 3811 437 3888 postremo
466 3824 533 3866 una
563 3803 724 3882 defuncta,
752 3805 853 3867 altera
876 3805 1050 3888 supervixit
1074 3805 1141 3869 fere
1170 3806 1228 3869 tri-

278 3909 384 3988 ennio,
401 3908 504 3971 donec
515 3914 549 3971 et
563 3907 647 3970 mole
662 3907 812 3991 ponderis
826 3915 860 3972 et
871 3908 984 3973 foetore
999 3910 1119 3973 mortui
1134 3910 1227 3974 cada·

277 4012 359 4075 veris
374 4017 407 4075 et
421 4011 491 4094 ipsa
505 4010 664 4074 deficeret.

319 4116 418 4178 Anno
448 4114 488 4178 ab
518 4113 740 4177 incarnatione
769 4114 903 4178 Domini
934 4117 1027 4180 1066.
1084 4116 1228 4179 Ultimus

276 4219 453 4296 Clitonum,
464 4223 595 4281 sanctus
609 4216 796 4297 Edwardus,
809 4218 894 4302 apud
903 4219 1228 4283 Westmonasterium

276 4321 311 4386 in
337 4321 445 4404 vigilia
473 4320 662 4406 Epiphaniae
691 4320 787 4385 obiit:
820 4323 933 4402 honor,
959 4323 1069 4407 gloria,
1098 4330 1130 4388 et
1154 4323 1227 4386 finis
