3216 5104
349 591 412 654 122
648 609 847 653 canonicor
864 609 999 652 arcun

347 724 418 807 ipsc
439 721 490 786 die
513 743 627 806 corpus
650 725 753 787 sancti
774 723 939 788 Wulstani
960 723 1099 807 episcopi
1122 722 1299 801 transtulit,

348 824 559 908 praesentibus
589 825 731 909 quinque
763 825 927 910 episcopis,
958 825 1129 890 abbatibus
1163 834 1196 890 et
1231 827 1301 890 aliis

348 927 488 1012 praelatis
511 927 640 1006 multis,
664 928 719 1012 qui
741 935 814 1012 post
835 929 1002 1012 paululum
1025 935 1194 1012 aegrotans,
1215 929 1301 1013 apud

349 1030 506 1113 Ramesey
522 1028 621 1094 obiit:
645 1051 760 1115 corpus
779 1053 854 1095 vero
876 1029 918 1095 ad
939 1031 1099 1115 propriam
1122 1032 1230 1095 sedem
1253 1041 1303 1096 est

348 1133 496 1211 relatum,
513 1139 546 1198 et
566 1133 740 1198 honorifice
754 1136 964 1199 tumulatum.
1011 1135 1123 1200 Simon
1144 1135 1242 1199 etiam
1260 1134 1301 1198 de

349 1235 542 1300 Monteforti
555 1236 592 1300 in
606 1234 772 1301 obsidione
787 1237 910 1302 Tolosae
925 1237 1082 1301 dimicans
1104 1243 1216 1301 contra
1237 1237 1303 1301 hae-

347 1339 474 1418 reticos,
489 1338 594 1424 lapide
609 1361 779 1424 percussus
793 1341 884 1405 obiit.
927 1341 1009 1405 Galo
1024 1342 1150 1423 legatus
1165 1341 1301 1424 diligen-

348 1449 415 1508 tem
430 1441 506 1507 fecit
520 1443 762 1526 inquisitionem
778 1444 818 1508 de
832 1444 1052 1508 observatione
1067 1443 1231 1507 interdicti
1246 1463 1303 1526 per

348 1567 424 1610 eum
438 1551 582 1630 tempore
598 1567 721 1629 guerrae
736 1545 950 1630 promulgati;
972 1566 1032 1629 pro
1046 1566 1110 1628 qua
1123 1550 1301 1627 transgres-

349 1651 439 1714 sione
462 1659 531 1714 tam
556 1650 678 1714 clericis
704 1671 801 1733 quam
825 1649 982 1732 religiosis
1005 1649 1108 1712 varias
1133 1654 1302 1731 etgraves

349 1773 460 1836 poenas
475 1752 602 1831 inflixit,
618 1759 652 1817 et
672 1752 811 1816 maxime
830 1751 1041 1837 pecuniarias.
1088 1751 1178 1815 Obiit
1198 1751 1302 1815 David

349 1877 456 1922 comcs
474 1855 741 1940 Huntingdoniee.

392 1959 478 2024 Am.
497 1963 591 2026 1219.
631 1960 715 2025 Galo
733 1960 860 2043 legatus
880 1982 899 2024 a
919 1960 1051 2024 domino
1070 1979 1153 2042 papa
1172 1965 1302 2021 vocatus

350 2065 498 2140 Romam,
515 2083 589 2127 cum
602 2062 732 2127 infinita
746 2061 882 2145 pecunia
903 2068 952 2126 est
970 2083 1126 2141 reversus,
1142 2061 1303 2126 Pandulfo

349 2165 549 2230 Norwicensi
571 2166 673 2230 electo
694 2166 765 2230 loco
786 2165 887 2249 ipsius
909 2166 1095 2248 subrogato.
1141 2163 1231 2230 Obiit
1252 2165 1302 2227 in-

350 2269 446 2334 clitus
475 2290 580 2334 comes
611 2269 650 2334 de
680 2269 853 2348 Pembrok,
875 2268 1060 2333 Willelmus
1088 2268 1301 2346 Mariscallus,

349 2378 440 2436 tutor
453 2371 548 2454 regis,
561 2372 612 2455 cuj
617 2394 653 2435 us
667 2372 772 2436 tutela
785 2370 1010 2436 commendata
1025 2378 1073 2435 est
1087 2391 1144 2454 per
1158 2372 1302 2454 legatum

351 2474 491 2539 Renulfo
506 2475 616 2538 comiti
629 2474 772 2553 Cestriae,
786 2482 819 2539 et
832 2475 967 2558 Hugoni
982 2475 1022 2538 de
1037 2474 1160 2557 Burgb,
1177 2495 1303 2539 summo

351 2575 536 2642 iusticiario
550 2577 652 2658 regni.
700 2575 837 2642 Cassata
856 2585 965 2642 autem
986 2578 1141 2642 electione
1155 2577 1303 2660 magistri

352 2676 487 2744 Roberti
500 2678 722 2758 Eboracensis,
738 2687 771 2744 et
787 2680 925 2744 Oallridi
944 2679 1158 2745 archidiaconi
1177 2680 1303 2744 Norwi·

349 2781 462 2857 censis,
479 2781 519 2845 ad
536 2781 753 2865 episcopatum
775 2783 939 2848 Eliensem
961 2783 1155 2862 electorum
1178 2783 1304 2868 scripsit

350 2885 500 2950 dominus
520 2907 612 2969 papa,
632 2885 752 2951 scilicet
767 2886 1003 2970 archiepiscopo
1018 2887 1255 2966 cantuariensi,
1271 2892 1303 2951 et

351 2988 511 3054 Pandulfo
526 2990 642 3072 legato,
659 3010 696 3053 ac
714 2990 862 3075 episcopo
882 2990 1008 3068 Sarum,
1025 2996 1184 3073 quatenus
1205 2991 1303 3054 eccle-

351 3093 406 3158 siae
420 3093 543 3157 Eliensi
557 3093 661 3157 virum
679 3092 832 3157 idoneum
851 3093 1076 3176 providerent:
1101 3093 1156 3176 qui
1170 3092 1302 3156 manda·

351 3204 423 3261 tum
443 3203 661 3280 exsequentes,
677 3202 749 3278 post
763 3194 864 3258 varias
881 3194 1103 3259 altercationes
1119 3194 1302 3258 iohannem

352 3300 502 3367 abbatem
536 3299 576 3365 de
610 3299 768 3364 Fontibus
800 3299 978 3381 elegerunt.
1039 3297 1200 3362 Rauulfus
1228 3317 1303 3361 vero

351 3421 457 3466 comes
482 3400 624 3479 barna,
649 3406 681 3464 et
708 3398 870 3462 Banulfus
895 3413 1002 3462 comes
1029 3397 1069 3461 de
1094 3397 1245 3475 Ferraris,
1269 3404 1302 3460 et

350 3502 533 3567 Willelmus
555 3501 757 3566 Mariscallus
776 3499 896 3583 junior,
920 3506 953 3564 et
978 3499 1143 3564 Johannes
1166 3498 1301 3562 Consta-

350 3603 494 3668 bularius
509 3603 651 3683 Oestriae,
668 3625 743 3668 cum
757 3603 869 3667 multis
884 3601 953 3666 aliis
968 3621 1063 3666 cruce
1082 3600 1226 3684 signatis,
1241 3600 1304 3664 iter

352 3704 657 3788 Jemsolymitanum
682 3706 787 3770 adorsi
811 3710 887 3769 sunt
898 3731 908 3783 3
930 3710 1003 3788 post
1025 3726 1162 3788 quorum
1185 3704 1301 3769 adven-

351 3814 423 3871 tum
438 3806 590 3870 Damieta
603 3815 697 3892 capta
712 3817 770 3889 est,
791 3809 894 3893 magis
913 3808 1068 3873 miraculo
1083 3808 1191 3872 divino
1205 3830 1302 3893 qnam

352 3929 447 3995 opere
461 3909 615 3974 humano.
660 3912 862 3976 Occiduntur
881 3912 1030 3976 Saraceni
1050 3912 1170 3996 absque
1189 3933 1301 3976 nume-

351 4036 398 4095 ro,
423 4012 681 4079 Christianorum
707 4015 864 4098 sanguine
889 4016 980 4080 nullo
1006 4016 1108 4080 effuso
1119 4042 1129 4093 3
1160 4015 1302 4080 Domino

351 4140 409 4203 pro
424 4119 469 4184 eis
485 4123 597 4184 contra
610 4118 791 4184 incredulos
809 4118 992 4197 dimicante,
1008 4126 1042 4184 et
1056 4118 1215 4184 mirabilia
1228 4139 1301 4202 ope-

352 4229 456 4288 rante.
