3218 5098
360 630 403 697 38
649 652 847 697 canonicos
865 653 1000 696 suumn
1113 665 1115 674 ·

362 768 454 832 duxit
474 769 510 833 in
528 789 662 834 uxorem
676 769 827 832 Emmam
845 767 944 832 filiam
962 768 1058 852 primi
1074 768 1204 834 Ricardi
1226 770 1317 834 ducis

361 871 585 951 Normanniae,
609 877 642 936 et
671 871 819 954 Elgivam
847 871 960 954 lingua
986 892 1044 936 sue
1069 892 1142 936 eam
1166 873 1315 956 appellat.

361 974 514 1040 Aldulfus
529 982 639 1038 autem
657 973 868 1039 Eboracensis
888 973 1143 1058 archiepiscopus
1164 975 1315 1059 reliquias

361 1077 465 1142 sancti
480 1077 620 1142 Osvvaldi
641 1077 681 1140 de
703 1083 790 1141 terra
808 1077 942 1155 levavit,
964 1077 1097 1161 ipsoque
1120 1099 1188 1142 non
1209 1079 1314 1144 multo

360 1188 433 1265 post
448 1181 611 1259 defuncto,
627 1181 777 1246 successit
793 1181 985 1245 Wulstanus
1000 1181 1107 1247 abhas.

403 1285 601 1349 A.D.1003.
647 1287 718 1349 Rex
732 1285 901 1348 Danorum
922 1286 1051 1349 Suanus
1069 1285 1232 1350 civitatem
1246 1287 1312 1350 Ex·

360 1388 527 1452 oniensem
542 1389 721 1474 despolians
735 1388 834 1452 etiam
848 1409 978 1452 murum
993 1388 1171 1472 confregit3
1195 1387 1312 1454 deinde

361 1491 621 1556 Wintoniensem
650 1491 846 1575 provinciam
871 1491 1050 1556 destruxit:
1082 1491 1171 1556 unda
1194 1493 1312 1556 Wilto·

359 1595 488 1660 niensas
506 1602 539 1660 et
559 1593 900 1678 Southamptonienses
913 1593 1047 1658 viriliter
1067 1601 1181 1659 contra
1201 1595 1310 1660 hostes

360 1703 623 1781 congregantur3
655 1696 711 1761 sed
739 1696 890 1774 Alsricus,
922 1696 978 1778 qui
1007 1696 1077 1761 loco
1112 1696 1201 1762 ducis
1230 1703 1311 1762 tunc

358 1801 475 1884 Anglis
489 1806 634 1884 praeerat,
651 1820 750 1884 quum
765 1799 914 1882 proelium
929 1806 1013 1863 esset
1030 1801 1311 1880 committendum,

357 1902 545 1968 infirmitate
569 1903 718 1966 simulata
740 1921 867 1964 vomere
890 1900 997 1983 coepit,
1022 1907 1056 1965 et
1082 1901 1124 1967 ob
1149 1902 1211 1966 hoc
1235 1923 1310 1966 oum

357 2005 503 2070 hostibus
518 2006 669 2069 dimicare
683 2026 750 2069 non
764 2025 857 2089 posse
865 2030 875 2084 3
898 2005 990 2089 cujus
1005 1993 1156 2070 inertiam
1176 2011 1208 2069 ot
1223 2005 1309 2069 hau-

359 2108 433 2172 dem
456 2108 566 2172 videns
596 2108 764 2187 exercitus,
790 2130 812 2172 a
839 2107 904 2171 suis
933 2107 1072 2171 inimicis
1102 2107 1170 2171 sine
1199 2128 1310 2191 pugna

359 2213 488 2276 divertit
512 2213 755 2292 moestissimus,
783 2211 869 2296 quod
892 2211 1003 2276 videns
1029 2211 1167 2291 Suanus,
1191 2211 1308 2275 Wilto-

357 2316 445 2378 niam
460 2321 493 2380 et
510 2315 706 2380 Salisbiriom
721 2314 928 2398 consumpsit,
945 2321 978 2378 et
993 2335 1089 2378 naves
1104 2336 1179 2378 cum
1200 2315 1309 2397 praeda

357 2419 497 2485 maxima
524 2419 686 2503 repetiit„
722 2419 873 2484 Aldulfus
903 2417 1157 2503 archiepiscopus
1186 2417 1306 2482 Ebora·

358 2523 470 2602 censis,
487 2523 650 2606 quondam
666 2522 763 2587 abhas
778 2522 890 2605 Burgi,
906 2521 996 2585 obiit.

399 2627 485 2690 Α.Ι).
503 2630 599 2691 1004.
635 2629 705 2692 Rex
715 2627 884 2691 Danorum
900 2626 1029 2690 Suanus
1045 2645 1120 2689 cum
1134 2645 1193 2689 sua
1207 2625 1307 2688 classe

355 2727 463 2794 subito
491 2729 678 2794 Nervicum
707 2749 875 2812 aggressus
903 2727 992 2791 illam
1022 2727 1188 2793 incendit:
1226 2735 1306 2792 tunc

353 2839 506 2897 strenuus
521 2833 587 2897 dux
600 2835 831 2916 Estanglorum
841 2832 1068 2913 Wulketellus,
1079 2831 1154 2916 quia
1165 2832 1306 2916 spatium

354 2937 574 3020 congregandi
609 2938 785 3002 exereitum
822 2957 889 3000 non
925 2935 1050 3015 habuit,
1081 2957 1195 3020 pacem
1230 2935 1306 3000 dato

352 3059 473 3122 magno
487 3037 610 3103 tributo
628 3060 702 3103 cum
717 3039 820 3102 Danis
836 3039 931 3116 fecit,
955 3060 1052 3122 quam
1075 3058 1142 3102 non
1163 3039 1304 3103 multum

351 3149 424 3226 post
447 3141 634 3209 'fhetfordia
659 3149 861 3208 concremata
882 3141 1047 3221 violantes,
1066 3142 1304 3206 Wuiketellum

351 3246 387 3310 in
410 3247 532 3313 bellum
555 3258 761 3312 exacuerunt.
806 3246 898 3311 Bello
918 3245 1010 3324 inito,
1028 3245 1125 3309 multi
1148 3245 1302 3330 utrinque

350 3352 496 3431 cadunt;
534 3353 622 3418 Dani
649 3373 723 3417 vero
757 3350 937 3428 evadentes,
967 3348 1078 3412 donus
1111 3349 1235 3414 bellum
1265 3351 1302 3413 in

351 3454 472 3539 Anglia
486 3478 520 3520 se
534 3479 702 3540 nunquam
715 3454 865 3519 hahuisse
879 3453 990 3517 testati
1005 3460 1093 3516 sunt.

393 3559 478 3622 Α.Ι).
497 3561 592 3622 1005.
621 3560 735 3623 Fames
750 3556 855 3621 valida
869 3556 931 3620 fuit
946 3577 1004 3639 per
1017 3562 1122 3620 totam
1136 3555 1300 3638 Angliam,

350 3660 438 3724 unde
455 3661 584 3724 Suanus
599 3660 733 3726 Daciam
748 3659 876 3744 repetit,
891 3666 965 3743 post
979 3680 1046 3723 nou
1061 3659 1203 3722 multum
1217 3665 1299 3722 tem-

349 3761 434 3844 poris
459 3783 651 3826 reversurus.
698 3762 789 3826 Obiit
811 3763 977 3826 Johannes
1000 3783 1084 3846 papa
1098 3760 1204 3826 XIX:
1229 3783 1298 3826 suc·

348 3865 444 3928 cessit
475 3864 606 3948 Sergius
631 3867 701 3930 IV:
733 3865 786 3929 hic
811 3865 874 3929 fuit
898 3872 1018 3930 sanctae
1042 3865 1117 3930 vitre
1145 3871 1178 3930 et
1204 3871 1299 3930 castae

347 3969 605 4033 conversationis.

388 4073 472 4137 Α.Ι).
491 4073 585 4136 1006.
630 4071 772 4136 Alfricus
787 4071 1029 4136 cantuariensis
1043 4070 1298 4154 archiepiscopus

345 4178 442 4242 obiit:
479 4177 533 4242 cui
561 4177 712 4242 successit
742 4182 873 4240 sanctus
902 4177 1035 4260 Elfegus
1061 4175 1297 4241 Wintonicnsis

344 4282 520 4366 episcopus,
543 4301 601 4366 pro
625 4280 745 4365 quoin
767 4280 1028 4345 Wintoniensem
1052 4279 1161 4344 sedem
1185 4278 1297 4344 subro-
