3226 5100
614 669 905 717 rnaamuasnnsn.
1196 661 1240 724 28

281 787 314 845 et
340 779 493 862 Harrald,
517 803 592 848 eum
618 785 759 850 maxima
782 787 994 854 multitudine
1022 811 1235 876 paganorum,

281 887 458 950 Christiani
480 887 646 952 victoriam
672 897 749 953 sunt
776 890 894 974 adepti.
950 891 1098 958 Goredus
1127 901 1236 961 autem

279 1011 336 1054 rex
352 991 550 1055 Marciorum
563 992 624 1056 hoe
639 993 832 1058 intermedio
847 1012 922 1058 oum
938 995 1127 1062 Britonibus
1142 1019 1235 1063 occu-

279 1102 386 1176 patur,
413 1095 568 1178 quicum
597 1096 738 1161 maxima
763 1097 973 1166 multitudine
1002 1099 1236 1166 occidentalem

278 1206 403 1281 partem
428 1201 522 1282 regni
548 1200 598 1263 sui
620 1200 752 1265 Meroiae
773 1201 1010 1284 inquietabant,
1037 1204 1235 1290 audiensque

279 1301 390 1365 Danas
405 1302 534 1385 plagam
552 1303 621 1386 ejus
644 1304 833 1368 orientalem
852 1305 948 1389 plaga
969 1307 1144 1372 miserabili
1161 1329 1233 1392 per·

278 1403 424 1484 euasisse,
443 1405 532 1470 venit
555 1406 750 1486 lundonias,
773 1415 806 1472 et
828 1416 995 1474 contracto
1016 1411 1157 1477 maximo
1179 1434 1233 1478 ex·

278 1507 391 1586 ercitu,
414 1509 632 1592 pertransiens
657 1531 716 1593 per
735 1510 829 1594 regni
852 1511 903 1574 sui
923 1533 1024 1595 pagos
1046 1512 1231 1592 orientales,

278 1631 337 1674 suo
351 1612 427 1676 fiseo
441 1618 546 1676 totam
562 1613 749 1678 Heliensem
764 1613 904 1677 insulam
919 1614 1107 1698 applicavit:
1122 1635 1232 1698 prooe-

277 1713 359 1779 dens
374 1715 472 1778 etiam
486 1716 521 1780 in
536 1716 673 1799 patriam
691 1716 884 1794 Girviorum,
901 1738 1013 1781 omnes
1028 1724 1130 1782 terras
1146 1717 1232 1784 dioto

249 1805 251 1810 ¹
277 1819 471 1882 monasterio
487 1819 527 1883 de
539 1817 822 1884 Medeshamstode
832 1819 1032 1902 pertinentes
1046 1819 1082 1882 in
1096 1838 1232 1883 manum

278 1942 370 1985 suam
391 1923 495 2006 cepit3
518 1923 649 2001 seilicet,
666 1922 818 2008 quioquid
843 1923 930 1987 inter
951 1922 1116 2001 Stanford,
1133 1922 1230 1986 Hun-

275 2023 424 2108 tingdon,
440 2033 473 2090 et
488 2027 642 2091 Wisebek
660 2028 747 2092 dicto
765 2027 963 2092 monasterio
978 2026 1142 2110 quondam
1160 2047 1231 2110 per-

276 2128 430 2208 tinuerit;
452 2130 639 2194 remotiores
654 2152 728 2195 vero
750 2137 852 2195 terras
875 2129 1009 2214 sparsim
1030 2147 1087 2213 per
1109 2128 1229 2212 patrias

274 2231 420 2314 jaoentes
450 2234 665 2316 stipendiariis
690 2233 848 2298 militibus
874 2233 1031 2298 exereitus
1057 2233 1107 2296 sui
1131 2231 1230 2296 dedit.

275 2335 370 2399 Idem
384 2336 460 2400 fecit
476 2337 517 2400 de
536 2339 630 2402 terris
647 2339 680 2402 S.
697 2339 784 2421 Pege
804 2337 845 2401 de
859 2337 1030 2420 Pegekyrk
1039 2361 1049 2415 3
1073 2335 1230 2418 quasdam

273 2437 336 2502 sibi
349 2440 496 2519 retinuit,
512 2441 667 2524 quasdam
689 2440 846 2505 militibus
868 2439 1017 2504 donavit:
1040 2438 1127 2503 idem
1148 2437 1226 2502 feeit

274 2541 314 2606 de
343 2543 437 2607 terris
467 2545 571 2608 saneti
600 2545 754 2608 Guthlaei
783 2544 824 2608 de
854 2542 1034 2628 Croyland3
1072 2541 1228 2625 quasdam

272 2646 373 2725 dedit,
389 2648 545 2731 quasdam
560 2649 755 2726 confiscavit,
771 2648 820 2712 nil
833 2654 950 2732 prater
960 2645 1100 2710 insulam
1115 2650 1149 2709 et
1165 2691 1174 2708 .
1193 2691 1201 2709 .
1220 2693 1226 2708 .

274 2751 426 2814 mariscos
440 2751 607 2815 monachis
621 2751 762 2835 reliquit.

316 2854 405 2918 A.D.
430 2856 504 2920 872.
548 2854 701 2918 Alfredus
722 2859 855 2938 quartus
878 2858 911 2918 et
933 2852 1088 2916 minimus
1109 2851 1225 2916 Athel-

274 2957 360 3020 vulfi
389 2958 484 3037 filius,
514 2964 587 3041 post
622 2957 833 3045 Ethelredum
862 2957 995 3020 fratrem
1032 2977 1142 3032 suum,
1173 2954 1229 3039 qui

274 3061 415 3144 quinque
430 3061 523 3126 annis
537 3069 736 3145 regnaverat,
750 3061 901 3126 suecessit
909 3086 919 3138 3
935 3060 988 3124 bie
1002 3065 1052 3124 est
1063 3057 1226 3137 Alfredus‚

274 3164 329 3247 qui
358 3165 520 3248 quondam
550 3166 688 3230 Romam
712 3175 792 3229 'cum
821 3171 913 3248 patre
943 3163 1064 3240 edisne,
1095 3184 1116 3225 a
1142 3182 1226 3244 papa

273 3266 382 3332 Leone
405 3269 560 3333 inunctus
584 3275 654 3334 erat
679 3290 737 3352 per
763 3266 998 3332 sanctissimam
1024 3264 1226 3348 prophetiam

271 3371 444 3454 aliquando
468 3379 680 3455 regnaturus:
718 3377 829 3455 postea
852 3377 1033 3445 coronatus,
1060 3366 1226 3448 sapientiae

272 3494 338 3538 suae
352 3481 446 3539 tanta
463 3475 593 3559 reliquit
613 3481 835 3550 monumenta,
857 3471 943 3555 quod
965 3469 1112 3535 omnium
1125 3469 1226 3547 virtu-

270 3585 342 3642 tum
358 3579 541 3658 sacrarium,
556 3580 688 3662 insuper
703 3578 822 3642 artium
841 3575 1024 3641 liberalium
1043 3573 1225 3638 recondito·

269 3681 354 3744 rium
369 3684 464 3747 unioe
478 3683 680 3767 praedicetur,
696 3682 754 3768 qui
774 3682 850 3745 lieet
869 3680 955 3745 bello
973 3699 1172 3764 paganorum
1194 3683 1227 3742 et

268 3786 364 3848 variis
377 3787 514 3869 propriae
529 3787 634 3851 earnis
649 3784 893 3850 infirmitatibus
908 3784 1034 3849 assidue
1045 3788 1225 3862 vexaretur,

269 3889 378 3954 animo
393 3898 504 3954 tamen
522 3911 648 3974 semper
662 3889 841 3973 potioribus
863 3888 1020 3952 inhiabat.
1067 3888 1225 3951 Sanctum

268 4014 409 4076 namque
426 3994 652 4058 Grimbaldum
668 3994 808 4076 aliosque
823 3992 1057 4056 literatissimos
1077 3990 1223 4054 doctores

268 4096 414 4180 virosque
429 4098 646 4162 sanctissimos
667 4097 707 4161 de
727 4096 863 4160 Francia
884 4095 945 4160 sibi
965 4093 1075 4158 aseivit
1084 4119 1094 4171 ;
1116 4093 1225 4176 plures

266 4200 365 4264 etiam
381 4201 421 4264 de
436 4201 573 4275 Mareia,
587 4208 620 4264 et
636 4200 675 4264 de
693 4199 810 4276 Scotia,
826 4219 863 4262 ao
879 4195 1049 4274 Hibernia,
1065 4215 1224 4278 quoscun-

267 4324 329 4385 que
351 4291 494 4370 ¹seientia
523 4324 698 4368 sacrarum.
713 4303 882 4368 literarum
913 4301 1034 4384 pollere
1062 4296 1225 4378 novitia
