3218 5098
647 665 935 708 aurursuaonusn.
1228 643 1269 706 73

316 784 524 869 compellunt.
569 783 713 846 Tandem
738 783 872 847 collecto
900 779 1015 864 grandi
1040 779 1192 858 exercitu,
1214 799 1272 844 rex

316 883 554 952 Normanniam
573 908 742 970 aggressus
763 886 802 950 ab
824 885 973 950 omnibus
993 884 1142 948 laetanter
1161 904 1271 967 recep-

317 998 370 1054 tus
386 998 434 1056 est
442 1017 453 1070 5
475 991 619 1068 fratrem,
637 996 795 1072 quatenus
810 990 962 1054 comitem
977 995 1052 1071 agat
1073 1009 1139 1052 non
1159 1008 1270 1050 mona-

318 1095 426 1174 chum,
457 1095 562 1159 multa
591 1093 735 1157 oratione
771 1093 925 1174 instigat:
958 1089 1271 1175 comprovincialium

317 1219 392 1261 vero
413 1197 536 1261 animos
556 1197 749 1274 consolatus,
764 1196 801 1258 in
822 1217 917 1260 suum
938 1217 1080 1258 amorem
1099 1193 1219 1277 pariter
1239 1200 1272 1258 et

318 1300 459 1364 favorem
480 1321 591 1364 omnes
611 1299 757 1377 inclinat,
772 1299 822 1362 vel
843 1299 1002 1362 alliciente
1022 1297 1105 1380 regis
1126 1281 1272 1381 pecunia,
1329 1284 1331 1290 ¹

320 1403 475 1486 quosdam
499 1403 577 1466 alios
599 1407 812 1487 tyrannorum
835 1401 955 1485 injuria
978 1401 1019 1464 ad
1042 1401 1111 1485 ejus
1136 1401 1274 1483 gratiam

318 1506 431 1590 fugere
450 1505 673 1589 compellente.
719 1505 835 1588 Itaque
856 1504 945 1568 omni
964 1504 1071 1570 favore
1090 1503 1272 1588 impetrato,

319 1609 356 1672 in
378 1609 533 1692 Angliam
556 1607 648 1672 redit.
693 1607 773 1671 Visa
796 1613 845 1672 est
869 1613 995 1671 cometa
1018 1627 1128 1670 mense
1152 1605 1274 1671 Febru-

323 1712 391 1776 arii.

365 1815 450 1878 Am.
475 1815 570 1878 1106.
609 1813 701 1877 Obiit
724 1813 886 1877 Henricus
908 1813 1082 1896 imperator
1089 1838 1099 1890 3
1129 1811 1183 1876 cui
1205 1833 1275 1876 suc·

321 1917 417 1982 cessit
431 1917 517 1980 filius
538 1917 607 2001 ejus
630 1914 790 1980 Henricus
805 1916 847 1992 V,
862 1916 1038 2000 imperator
1054 1916 1274 1981 Romanorum

323 2019 552 2104 nonagesimus
572 2019 736 2103 septimus.
784 2019 886 2083 Stella
901 2019 1033 2083 insolita
1046 2019 1113 2083 visa
1128 2025 1176 2082 est
1192 2018 1275 2083 deci-

323 2145 376 2187 mo
400 2129 517 2206 quarto
541 2122 755 2186 kalendarum
780 2121 904 2186 Martii.
958 2122 1001 2186 In
1026 2143 1119 2186 coena
1142 2121 1276 2186 Domini

324 2226 397 2290 duae
421 2227 526 2309 plenae
549 2227 636 2290 lunae
661 2226 735 2289 visae
761 2234 848 2291 sunt.
901 2225 1024 2290 Eodem
1050 2231 1194 2309 tempore
1220 2247 1276 2290 rex

326 2327 487 2392 Henricus
504 2349 593 2391 maro
613 2328 751 2408 transiit,
768 2350 863 2412 super
877 2328 1043 2393 seditiosos
1057 2329 1162 2392 valida
1176 2351 1277 2394 manu

322 2433 436 2511 irruit;
460 2431 512 2497 cui
535 2432 602 2496 fere
626 2453 737 2496 omnes
761 2431 945 2495 Normanni
968 2433 1064 2496 urbes
1090 2438 1123 2497 et
1147 2433 1277 2496 castella

323 2559 382 2601 sua
396 2536 576 2614 offerentes,
597 2535 714 2599 comite
734 2535 855 2614 relicto,
876 2557 909 2599 se
930 2541 962 2600 et
983 2558 1041 2600 sua
1060 2535 1274 2600 tradiderunt.

323 2640 461 2703 Interim
482 2638 736 2722 archiepiscopus
757 2639 930 2702 Anselmus
953 2639 992 2703 de
1015 2641 1118 2702 Roma
1139 2639 1276 2717 rediens,

322 2743 393 2826 regi
407 2741 631 2812 reconciliatus
643 2749 693 2806 est
704 2767 713 2820 ;
737 2742 824 2825 prius
835 2749 946 2807 tamen
958 2743 1044 2826 apud
1055 2743 1275 2827 Tenerkbray,

304 2861 425 2928 “quum
455 2846 622 2908 castellum
652 2845 838 2926 obsedisset,
865 2847 1036 2912 commisso
1064 2846 1176 2930 proelio
1202 2867 1277 2909 cum

323 2949 441 3013 comite
457 2949 600 3013 Roberto
614 2949 714 3012 fratre
730 2971 797 3028 suo,
814 2950 870 3032 qui
881 2951 950 3034 jam
964 2951 999 3013 in
1013 2951 1177 3034 proprium
1194 2949 1276 3014 exci-

325 3052 415 3116 dium
438 3073 512 3116 cum
534 3051 694 3135 praedictis
716 3052 857 3117 factiosis
879 3054 983 3118 foedus
1008 3060 1120 3118 contra
1144 3054 1277 3117 fratrem

325 3177 421 3220 suum
446 3155 577 3234 fecerat,
602 3156 756 3239 utrinque
782 3157 960 3221 diutissime
983 3164 1016 3221 et
1041 3157 1196 3220 dirissime
1219 3178 1277 3241 pro

325 3260 458 3324 victoria
477 3265 637 3323 certatum
657 3268 725 3337 est;
750 3261 890 3324 Domino
912 3261 1044 3324 tandem
1068 3282 1162 3344 super
1184 3260 1277 3324 mise-

325 3364 392 3426 rias
406 3385 585 3446 pauperum
605 3369 638 3426 et
658 3363 900 3446 provincialium
915 3363 1136 3446 multipliciter
1151 3385 1278 3447 oppres·

327 3489 436 3532 sorum
462 3468 646 3546 miserante,
670 3490 804 3532 manum
829 3468 991 3532 victricem
1016 3467 1086 3550 regi
1112 3467 1277 3531 concessit.

327 3571 423 3654 Capti
442 3578 519 3634 sunt
540 3592 616 3654 ergo
635 3571 703 3655 ipsc
725 3571 886 3636 Robertus
908 3593 1024 3650 comes,
1046 3571 1146 3635 frater
1168 3571 1277 3654 Regis,

329 3675 491 3739 Robertus
506 3674 546 3738 de
563 3675 769 3760 Soutyvyllia‚
784 3697 890 3740 comes
909 3676 1133 3754 Belesmensis,
1149 3682 1182 3740 et
1196 3675 1278 3738 Wil-

326 3775 442 3837 lelmus
466 3795 571 3838 comes
599 3775 667 3858 [de]
696 3776 877 3857 Meretolio,
904 3798 978 3841 cum
1003 3776 1114 3842 multis
1140 3775 1219 3855 aliis,
1244 3775 1279 3839 in

327 3876 437 3960 vigilia
455 3877 559 3941 sancti
576 3877 755 3958 Michaelis,
772 3901 851 3962 quos
867 3901 977 3944 omnes
991 3886 1147 3964 perpetuo
1162 3879 1281 3944 carceri

324 3979 460 4044 tradidit
476 3981 718 4046 conservandos.
764 3984 874 4047 Laetus
890 4006 965 4068 ergo
981 3985 1020 4048 de
1035 3992 1103 4048 tam
1118 3983 1202 4047 felici
1216 3983 1280 4048 vic·

326 4084 419 4161 toria,
432 4105 469 4148 ac
484 4084 626 4148 Domino
639 4093 740 4152 tantae
755 4086 916 4152 felicitatis
931 4087 1076 4170 largitori
1090 4086 1279 4170 regratians,

328 4187 368 4251 ob
390 4186 550 4251 immensa
570 4189 639 4272 ejus
659 4189 824 4270 beneficia,
848 4192 918 4255 Deo
942 4198 974 4254 et
997 4197 1116 4254 sanctae
1138 4189 1279 4253 ecclesiae

326 4290 534 4355 investituras
549 4291 762 4373 ecclesiarum,
779 4317 836 4378 per
851 4295 1008 4359 annulum
1024 4300 1056 4358 et
1071 4293 1232 4371 baculum,
1244 4291 1280 4356 in
