<?xml version="1.0" encoding="UTF-8"?>
<!DOCTYPE html PUBLIC "-//W3C//DTD XHTML 1.0 Transitional//EN"
    "http://www.w3.org/TR/xhtml1/DTD/xhtml1-transitional.dtd">
<html xmlns="http://www.w3.org/1999/xhtml" xml:lang="en" lang="en">
 <head>
  <title>
</title>
<meta http-equiv="Content-Type" content="text/html;charset=utf-8" />
  <meta name='ocr-system' content='tesseract 3.04.00' />
  <meta name='ocr-capabilities' content='ocr_page ocr_carea ocr_par ocr_line ocrx_word'/>
</head>
<body>
  <div class='ocr_page' id='page_1' title='image "./chroniconanglia00chrogoog_0155.png"; bbox 0 0 3212 5102; ppageno 0'>
   <div class='ocr_carea' id='block_1_1' title="bbox 589 669 1206 732">
    <p class='ocr_par' dir='ltr' id='par_1_1' title="bbox 589 669 1206 732">
     <span class='ocr_line' id='line_1_1' title="bbox 589 669 1206 732; baseline 0.01 -6"><span class='ocrx_word' id='word_1_1' title='bbox 589 684 880 729; x_wconf 80' lang='lat' dir='ltr'>rmamuaonnsn.</span> <span class='ocrx_word' id='word_1_2' title='bbox 1121 672 1122 676; x_wconf 75' lang='grc'>’</span> <span class='ocrx_word' id='word_1_3' title='bbox 1143 669 1206 732; x_wconf 91' lang='grc'>133</span> 
     </span>
    </p>
   </div>
   <div class='ocr_carea' id='block_1_2' title="bbox 162 797 1205 987">
    <p class='ocr_par' dir='ltr' id='par_1_2' title="bbox 162 797 1205 987">
     <span class='ocr_line' id='line_1_2' title="bbox 162 797 1204 884; baseline 0.005 -23"><span class='ocrx_word' id='word_1_4' title='bbox 162 870 164 873; x_wconf 13' lang='lat' dir='ltr'>v</span> <span class='ocrx_word' id='word_1_5' title='bbox 252 797 356 882; x_wconf 81' lang='lat' dir='ltr'>Lacy,</span> <span class='ocrx_word' id='word_1_6' title='bbox 366 797 603 862; x_wconf 80' lang='lat' dir='ltr'>constabulario</span> <span class='ocrx_word' id='word_1_7' title='bbox 618 799 760 878; x_wconf 85' lang='lat' dir='ltr'>Cestriae,</span> <span class='ocrx_word' id='word_1_8' title='bbox 775 801 867 884; x_wconf 89' lang='lat' dir='ltr'>cujus</span> <span class='ocrx_word' id='word_1_9' title='bbox 882 799 966 864; x_wconf 92' lang='lat' dir='ltr'>filius</span> <span class='ocrx_word' id='word_1_10' title='bbox 981 800 1043 865; x_wconf 88' lang='lat' dir='ltr'>fuit</span> <span class='ocrx_word' id='word_1_11' title='bbox 1058 801 1204 866; x_wconf 89' lang='lat' dir='ltr'>Edmun·</span> 
     </span>
     <span class='ocr_line' id='line_1_3' title="bbox 253 900 1205 987; baseline 0.004 -22"><span class='ocrx_word' id='word_1_12' title='bbox 253 900 313 965; x_wconf 91' lang='lat' dir='ltr'>dus</span> <span class='ocrx_word' id='word_1_13' title='bbox 336 901 434 985; x_wconf 81' lang='lat' dir='ltr'>Lacy,</span> <span class='ocrx_word' id='word_1_14' title='bbox 451 901 542 985; x_wconf 89' lang='lat' dir='ltr'>cujus</span> <span class='ocrx_word' id='word_1_15' title='bbox 564 901 649 964; x_wconf 94' lang='lat' dir='ltr'>filius</span> <span class='ocrx_word' id='word_1_16' title='bbox 673 901 835 965; x_wconf 86' lang='lat' dir='ltr'>Henricus</span> <span class='ocrx_word' id='word_1_17' title='bbox 858 901 955 987; x_wconf 83' lang='lat' dir='ltr'>Lacy,</span> <span class='ocrx_word' id='word_1_18' title='bbox 971 905 1062 987; x_wconf 87' lang='lat' dir='ltr'>eujus</span> <span class='ocrx_word' id='word_1_19' title='bbox 1084 904 1151 967; x_wconf 88' lang='lat' dir='ltr'>filia</span> <span class='ocrx_word' id='word_1_20' title='bbox 1172 911 1205 969; x_wconf 90' lang='lat' dir='ltr'>et</span> 
     </span>
    </p>
   </div>
   <div class='ocr_carea' id='block_1_3' title="bbox 251 1003 1271 1292">
    <p class='ocr_par' dir='ltr' id='par_1_3' title="bbox 251 1003 1271 1297">
     <span class='ocr_line' id='line_1_4' title="bbox 251 1003 1205 1089; baseline 0.004 -23"><span class='ocrx_word' id='word_1_21' title='bbox 251 1003 353 1067; x_wconf 91' lang='lat' dir='ltr'>haeres</span> <span class='ocrx_word' id='word_1_22' title='bbox 374 1011 442 1068; x_wconf 88' lang='lat' dir='ltr'>crat</span> <span class='ocrx_word' id='word_1_23' title='bbox 461 1005 571 1068; x_wconf 77' lang='lat' dir='ltr'><strong>Alesia</strong></span> <span class='ocrx_word' id='word_1_24' title='bbox 591 1005 630 1068; x_wconf 92' lang='lat' dir='ltr'>de</span> <span class='ocrx_word' id='word_1_25' title='bbox 653 1004 751 1089; x_wconf 81' lang='lat' dir='ltr'>Lacy,</span> <span class='ocrx_word' id='word_1_26' title='bbox 768 1027 839 1089; x_wconf 87' lang='lat' dir='ltr'>quae</span> <span class='ocrx_word' id='word_1_27' title='bbox 861 1005 940 1070; x_wconf 88' lang='lat' dir='ltr'>obiit</span> <span class='ocrx_word' id='word_1_28' title='bbox 963 1027 1049 1070; x_wconf 88' lang='lat' dir='ltr'>anno</span> <span class='ocrx_word' id='word_1_29' title='bbox 1071 1007 1205 1078; x_wconf 81' lang='lat' dir='ltr'>Domini</span> 
     </span>
     <span class='ocr_line' id='line_1_5' title="bbox 253 1109 348 1169; baseline 0.011 -1"><span class='ocrx_word' id='word_1_30' title='bbox 253 1109 348 1169; x_wconf 80' lang='lat'><strong>134.</strong></span> 
     </span>
     <span class='ocr_line' id='line_1_6' title="bbox 294 1109 1271 1292; baseline 0.003 -19.937"><span class='ocrx_word' id='word_1_31' title='bbox 294 1109 378 1272; x_wconf 43' lang='lat' dir='ltr'>AllD.</span> <span class='ocrx_word' id='word_1_32' title='bbox 404 1209 499 1272; x_wconf 79' lang='lat'><strong>1233.</strong></span> <span class='ocrx_word' id='word_1_33' title='bbox 538 1209 714 1292; x_wconf 83' lang='lat' dir='ltr'>Gregorius</span> <span class='ocrx_word' id='word_1_34' title='bbox 728 1231 811 1292; x_wconf 90' lang='lat' dir='ltr'>papa</span> <span class='ocrx_word' id='word_1_35' title='bbox 826 1210 928 1274; x_wconf 82' lang='lat' dir='ltr'>Reate</span> <span class='ocrx_word' id='word_1_36' title='bbox 942 1210 1075 1275; x_wconf 88' lang='lat' dir='ltr'>beatum</span> <span class='ocrx_word' id='word_1_37' title='bbox 1090 1211 1202 1276; x_wconf 90' lang='lat' dir='ltr'>Domi·</span> <span class='ocrx_word' id='word_1_38' title='bbox 1268 1187 1271 1190; x_wconf 21' lang='grc' dir='ltr'>Ι</span> 
     </span>
    </p>
   </div>
   <div class='ocr_carea' id='block_1_4' title="bbox 241 1311 1201 4384">
    <p class='ocr_par' dir='ltr' id='par_1_4' title="bbox 244 1311 1201 3433">
     <span class='ocr_line' id='line_1_7' title="bbox 250 1311 1201 1394; baseline 0.005 -21"><span class='ocrx_word' id='word_1_39' title='bbox 250 1311 370 1390; x_wconf 91' lang='lat' dir='ltr'>nicum,</span> <span class='ocrx_word' id='word_1_40' title='bbox 400 1312 600 1375; x_wconf 87' lang='lat' dir='ltr'>inventorem</span> <span class='ocrx_word' id='word_1_41' title='bbox 630 1318 663 1376; x_wconf 90' lang='lat' dir='ltr'>et</span> <span class='ocrx_word' id='word_1_42' title='bbox 692 1313 883 1394; x_wconf 88' lang='lat' dir='ltr'>magistrum</span> <span class='ocrx_word' id='word_1_43' title='bbox 912 1313 1032 1377; x_wconf 79' lang='lat' dir='ltr'>ordinis</span> <span class='ocrx_word' id='word_1_44' title='bbox 1065 1315 1201 1378; x_wconf 84' lang='lat' dir='ltr'>fratrum</span> 
     </span>
     <span class='ocr_line' id='line_1_8' title="bbox 249 1413 1201 1498; baseline 0.006 -23"><span class='ocrx_word' id='word_1_45' title='bbox 249 1413 505 1496; x_wconf 88' lang='lat' dir='ltr'>praedicatorum,</span> <span class='ocrx_word' id='word_1_46' title='bbox 521 1415 677 1478; x_wconf 82' lang='lat' dir='ltr'>Bononiae</span> <span class='ocrx_word' id='word_1_47' title='bbox 693 1415 865 1498; x_wconf 91' lang='lat' dir='ltr'>sepultum,</span> <span class='ocrx_word' id='word_1_48' title='bbox 882 1423 914 1479; x_wconf 90' lang='lat' dir='ltr'>et</span> <span class='ocrx_word' id='word_1_49' title='bbox 936 1416 1097 1480; x_wconf 83' lang='lat' dir='ltr'>miraculis</span> <span class='ocrx_word' id='word_1_50' title='bbox 1119 1418 1201 1481; x_wconf 89' lang='lat' dir='ltr'>mul-</span> 
     </span>
     <span class='ocr_line' id='line_1_9' title="bbox 249 1505 1201 1603; baseline 0.003 -23"><span class='ocrx_word' id='word_1_51' title='bbox 249 1517 292 1580; x_wconf 86' lang='lat' dir='ltr'>tis</span> <span class='ocrx_word' id='word_1_52' title='bbox 318 1525 551 1596; x_wconf 88' lang='lat' dir='ltr'>coruscantem,</span> <span class='ocrx_word' id='word_1_53' title='bbox 574 1517 784 1596; x_wconf 83' lang='lat' dir='ltr'>canonizavit,</span> <span class='ocrx_word' id='word_1_54' title='bbox 809 1539 828 1580; x_wconf 89' lang='lat' dir='ltr'>a</span> <span class='ocrx_word' id='word_1_55' title='bbox 851 1505 1104 1583; x_wconf 87' lang='lat' dir='ltr'>confirmatione</span> <span class='ocrx_word' id='word_1_56' title='bbox 1117 1520 1201 1603; x_wconf 88' lang='lat' dir='ltr'>ejus-</span> 
     </span>
     <span class='ocr_line' id='line_1_10' title="bbox 249 1619 1201 1707; baseline 0.006 -25"><span class='ocrx_word' id='word_1_57' title='bbox 249 1619 324 1684; x_wconf 91' lang='lat' dir='ltr'>dem</span> <span class='ocrx_word' id='word_1_58' title='bbox 348 1621 468 1685; x_wconf 88' lang='lat' dir='ltr'>ordinis</span> <span class='ocrx_word' id='word_1_59' title='bbox 492 1643 578 1685; x_wconf 87' lang='lat' dir='ltr'>anno</span> <span class='ocrx_word' id='word_1_60' title='bbox 603 1621 726 1685; x_wconf 88' lang='lat' dir='ltr'>decimo</span> <span class='ocrx_word' id='word_1_61' title='bbox 752 1628 879 1703; x_wconf 74' lang='lat' dir='ltr'>octavo,</span> <span class='ocrx_word' id='word_1_62' title='bbox 898 1631 931 1686; x_wconf 92' lang='lat' dir='ltr'>et</span> <span class='ocrx_word' id='word_1_63' title='bbox 958 1645 977 1686; x_wconf 91' lang='lat' dir='ltr'>a</span> <span class='ocrx_word' id='word_1_64' title='bbox 1001 1630 1105 1687; x_wconf 82' lang='lat' dir='ltr'>morte</span> <span class='ocrx_word' id='word_1_65' title='bbox 1131 1624 1201 1707; x_wconf 85' lang='lat' dir='ltr'>ejus</span> 
     </span>
     <span class='ocr_line' id='line_1_11' title="bbox 250 1722 1201 1810; baseline 0.002 -24"><span class='ocrx_word' id='word_1_66' title='bbox 250 1744 336 1788; x_wconf 92' lang='lat' dir='ltr'>anno</span> <span class='ocrx_word' id='word_1_67' title='bbox 351 1725 532 1802; x_wconf 87' lang='lat' dir='ltr'>undecimo.</span> <span class='ocrx_word' id='word_1_68' title='bbox 571 1725 686 1790; x_wconf 77' lang='lat' dir='ltr'>Frater</span> <span class='ocrx_word' id='word_1_69' title='bbox 700 1723 798 1788; x_wconf 89' lang='lat' dir='ltr'>etiam</span> <span class='ocrx_word' id='word_1_70' title='bbox 814 1725 835 1786; x_wconf 88' lang='lat' dir='ltr'><strong>J</strong></span> <span class='ocrx_word' id='word_1_71' title='bbox 837 1722 986 1810; x_wconf 84' lang='lat' dir='ltr'>ordanus,</span> <span class='ocrx_word' id='word_1_72' title='bbox 1002 1723 1101 1788; x_wconf 89' lang='lat' dir='ltr'>totius</span> <span class='ocrx_word' id='word_1_73' title='bbox 1117 1724 1201 1788; x_wconf 86' lang='lat' dir='ltr'>ordi-</span> 
     </span>
     <span class='ocr_line' id='line_1_12' title="bbox 249 1824 1199 1910; baseline -0.003 -19"><span class='ocrx_word' id='word_1_74' title='bbox 249 1827 299 1890; x_wconf 89' lang='lat' dir='ltr'>nis</span> <span class='ocrx_word' id='word_1_75' title='bbox 319 1827 565 1910; x_wconf 89' lang='lat' dir='ltr'>praedioatorum</span> <span class='ocrx_word' id='word_1_76' title='bbox 583 1825 746 1908; x_wconf 88' lang='lat' dir='ltr'>magister,</span> <span class='ocrx_word' id='word_1_77' title='bbox 761 1825 829 1888; x_wconf 88' lang='lat' dir='ltr'>vita</span> <span class='ocrx_word' id='word_1_78' title='bbox 848 1830 881 1888; x_wconf 90' lang='lat' dir='ltr'>et</span> <span class='ocrx_word' id='word_1_79' title='bbox 902 1824 1035 1888; x_wconf 87' lang='lat' dir='ltr'>scientia</span> <span class='ocrx_word' id='word_1_80' title='bbox 1055 1825 1199 1890; x_wconf 56' lang='lat' dir='ltr'>laudati,</span> 
     </span>
     <span class='ocr_line' id='line_1_13' title="bbox 248 1927 1200 2013; baseline 0.001 -21"><span class='ocrx_word' id='word_1_81' title='bbox 248 1928 298 2008; x_wconf 88' lang='lat' dir='ltr'>lis,</span> <span class='ocrx_word' id='word_1_82' title='bbox 315 1936 347 1993; x_wconf 90' lang='lat' dir='ltr'>et</span> <span class='ocrx_word' id='word_1_83' title='bbox 363 1929 509 1994; x_wconf 91' lang='lat' dir='ltr'>doctrina</span> <span class='ocrx_word' id='word_1_84' title='bbox 523 1929 729 2007; x_wconf 87' lang='lat' dir='ltr'>admirabilis,</span> <span class='ocrx_word' id='word_1_85' title='bbox 745 1929 831 1991; x_wconf 91' lang='lat' dir='ltr'>ultra</span> <span class='ocrx_word' id='word_1_86' title='bbox 845 1949 943 2006; x_wconf 89' lang='lat' dir='ltr'>mare,</span> <span class='ocrx_word' id='word_1_87' title='bbox 959 1927 1016 1992; x_wconf 94' lang='lat' dir='ltr'>ubi</span> <span class='ocrx_word' id='word_1_88' title='bbox 1031 1928 1071 1992; x_wconf 89' lang='lat' dir='ltr'>ad</span> <span class='ocrx_word' id='word_1_89' title='bbox 1085 1929 1200 2013; x_wconf 89' lang='lat' dir='ltr'>praedi·</span> 
     </span>
     <span class='ocr_line' id='line_1_14' title="bbox 249 2029 1200 2113; baseline 0.002 -21"><span class='ocrx_word' id='word_1_90' title='bbox 249 2029 390 2093; x_wconf 90' lang='lat' dir='ltr'>candum</span> <span class='ocrx_word' id='word_1_91' title='bbox 407 2030 572 2094; x_wconf 83' lang='lat' dir='ltr'>Saracenis</span> <span class='ocrx_word' id='word_1_92' title='bbox 591 2031 682 2108; x_wconf 88' lang='lat' dir='ltr'>ierat,</span> <span class='ocrx_word' id='word_1_93' title='bbox 697 2029 733 2092; x_wconf 92' lang='lat' dir='ltr'>in</span> <span class='ocrx_word' id='word_1_94' title='bbox 749 2036 845 2113; x_wconf 86' lang='lat' dir='ltr'>portu</span> <span class='ocrx_word' id='word_1_95' title='bbox 863 2030 960 2095; x_wconf 90' lang='lat' dir='ltr'>maris</span> <span class='ocrx_word' id='word_1_96' title='bbox 976 2030 1065 2095; x_wconf 89' lang='lat' dir='ltr'>obiit.</span> <span class='ocrx_word' id='word_1_97' title='bbox 1110 2033 1200 2096; x_wconf 86' lang='lat' dir='ltr'>Mar.-</span> 
     </span>
     <span class='ocr_line' id='line_1_15' title="bbox 248 2132 1200 2216; baseline 0.004 -21"><span class='ocrx_word' id='word_1_98' title='bbox 248 2132 338 2196; x_wconf 90' lang='lat' dir='ltr'>tinus</span> <span class='ocrx_word' id='word_1_99' title='bbox 362 2133 459 2196; x_wconf 89' lang='lat' dir='ltr'>etiam</span> <span class='ocrx_word' id='word_1_100' title='bbox 480 2133 578 2198; x_wconf 86' lang='lat' dir='ltr'>abbas</span> <span class='ocrx_word' id='word_1_101' title='bbox 602 2133 706 2216; x_wconf 82' lang='lat' dir='ltr'>Burgi</span> <span class='ocrx_word' id='word_1_102' title='bbox 729 2133 827 2212; x_wconf 82' lang='lat' dir='ltr'>obiit3</span> <span class='ocrx_word' id='word_1_103' title='bbox 850 2134 903 2197; x_wconf 87' lang='lat' dir='ltr'>cui</span> <span class='ocrx_word' id='word_1_104' title='bbox 926 2135 1078 2208; x_wconf 85' lang='lat' dir='ltr'>successit</span> <span class='ocrx_word' id='word_1_105' title='bbox 1101 2134 1200 2199; x_wconf 89' lang='lat' dir='ltr'>abbas</span> 
     </span>
     <span class='ocr_line' id='line_1_16' title="bbox 248 2236 1199 2319; baseline 0.003 -20"><span class='ocrx_word' id='word_1_106' title='bbox 248 2237 423 2300; x_wconf 85' lang='lat' dir='ltr'>Walterus.</span> <span class='ocrx_word' id='word_1_107' title='bbox 470 2237 573 2319; x_wconf 86' lang='lat' dir='ltr'>Super</span> <span class='ocrx_word' id='word_1_108' title='bbox 586 2236 787 2318; x_wconf 90' lang='lat' dir='ltr'>Angligenas</span> <span class='ocrx_word' id='word_1_109' title='bbox 805 2237 1074 2302; x_wconf 88' lang='lat' dir='ltr'>invalescentibus</span> <span class='ocrx_word' id='word_1_110' title='bbox 1090 2239 1199 2303; x_wconf 90' lang='lat' dir='ltr'>alieni-</span> 
     </span>
     <span class='ocr_line' id='line_1_17' title="bbox 249 2339 1199 2422; baseline 0.005 -21"><span class='ocrx_word' id='word_1_111' title='bbox 249 2339 349 2421; x_wconf 90' lang='lat' dir='ltr'>genis,</span> <span class='ocrx_word' id='word_1_112' title='bbox 379 2339 541 2421; x_wconf 89' lang='lat' dir='ltr'>indigenae</span> <span class='ocrx_word' id='word_1_113' title='bbox 571 2339 754 2422; x_wconf 87' lang='lat' dir='ltr'>gravissime</span> <span class='ocrx_word' id='word_1_114' title='bbox 782 2341 1005 2404; x_wconf 85' lang='lat' dir='ltr'>molestantur.</span> <span class='ocrx_word' id='word_1_115' title='bbox 1061 2343 1199 2406; x_wconf 87' lang='lat' dir='ltr'>Sanetus</span> 
     </span>
     <span class='ocr_line' id='line_1_18' title="bbox 248 2442 1200 2528; baseline 0.005 -24"><span class='ocrx_word' id='word_1_116' title='bbox 248 2442 439 2505; x_wconf 84' lang='lat' dir='ltr'>Edmundus</span> <span class='ocrx_word' id='word_1_117' title='bbox 459 2443 714 2526; x_wconf 86' lang='lat' dir='ltr'>archiepiscopus</span> <span class='ocrx_word' id='word_1_118' title='bbox 734 2443 983 2523; x_wconf 86' lang='lat' dir='ltr'>Cantuariensis‚</span> <span class='ocrx_word' id='word_1_119' title='bbox 1000 2445 1055 2527; x_wconf 91' lang='lat' dir='ltr'>qui</span> <span class='ocrx_word' id='word_1_120' title='bbox 1073 2466 1200 2528; x_wconf 84' lang='lat' dir='ltr'>compa·</span> 
     </span>
     <span class='ocr_line' id='line_1_19' title="bbox 247 2546 1199 2632; baseline 0.005 -23"><span class='ocrx_word' id='word_1_121' title='bbox 247 2546 418 2610; x_wconf 88' lang='lat' dir='ltr'>triotarum</span> <span class='ocrx_word' id='word_1_122' title='bbox 442 2546 700 2630; x_wconf 86' lang='lat' dir='ltr'>oppressionibus</span> <span class='ocrx_word' id='word_1_123' title='bbox 730 2546 931 2625; x_wconf 83' lang='lat' dir='ltr'>condolebat,</span> <span class='ocrx_word' id='word_1_124' title='bbox 961 2553 994 2612; x_wconf 89' lang='lat' dir='ltr'>et</span> <span class='ocrx_word' id='word_1_125' title='bbox 1022 2549 1199 2632; x_wconf 91' lang='lat' dir='ltr'>postposito</span> 
     </span>
     <span class='ocr_line' id='line_1_20' title="bbox 247 2649 1198 2728; baseline 0.004 -16"><span class='ocrx_word' id='word_1_126' title='bbox 247 2649 310 2712; x_wconf 88' lang='lat' dir='ltr'>Dei</span> <span class='ocrx_word' id='word_1_127' title='bbox 331 2649 456 2728; x_wconf 90' lang='lat' dir='ltr'>timore,</span> <span class='ocrx_word' id='word_1_128' title='bbox 473 2658 617 2714; x_wconf 87' lang='lat' dir='ltr'>sanctam</span> <span class='ocrx_word' id='word_1_129' title='bbox 640 2650 805 2714; x_wconf 89' lang='lat' dir='ltr'>ecclesiam</span> <span class='ocrx_word' id='word_1_130' title='bbox 828 2651 893 2714; x_wconf 91' lang='lat' dir='ltr'>suis</span> <span class='ocrx_word' id='word_1_131' title='bbox 916 2652 1079 2715; x_wconf 83' lang='lat' dir='ltr'>maleficiis</span> <span class='ocrx_word' id='word_1_132' title='bbox 1101 2652 1198 2716; x_wconf 91' lang='lat' dir='ltr'>ancil-</span> 
     </span>
     <span class='ocr_line' id='line_1_21' title="bbox 245 2751 1198 2838; baseline 0.008 -23"><span class='ocrx_word' id='word_1_133' title='bbox 245 2751 305 2816; x_wconf 88' lang='lat' dir='ltr'>lari</span> <span class='ocrx_word' id='word_1_134' title='bbox 326 2752 468 2835; x_wconf 89' lang='lat' dir='ltr'>quotidie</span> <span class='ocrx_word' id='word_1_135' title='bbox 490 2753 602 2817; x_wconf 80' lang='lat' dir='ltr'>anxius</span> <span class='ocrx_word' id='word_1_136' title='bbox 624 2753 856 2832; x_wconf 87' lang='lat' dir='ltr'>considerabat,</span> <span class='ocrx_word' id='word_1_137' title='bbox 871 2755 1005 2819; x_wconf 91' lang='lat' dir='ltr'>tandem</span> <span class='ocrx_word' id='word_1_138' title='bbox 1024 2777 1083 2838; x_wconf 91' lang='lat' dir='ltr'>pro</span> <span class='ocrx_word' id='word_1_139' title='bbox 1103 2755 1198 2823; x_wconf 91' lang='lat' dir='ltr'>domo</span> 
     </span>
     <span class='ocr_line' id='line_1_22' title="bbox 246 2855 1197 2942; baseline 0.002 -24"><span class='ocrx_word' id='word_1_140' title='bbox 246 2855 379 2920; x_wconf 90' lang='lat' dir='ltr'>Domini</span> <span class='ocrx_word' id='word_1_141' title='bbox 401 2878 434 2920; x_wconf 93' lang='lat' dir='ltr'>se</span> <span class='ocrx_word' id='word_1_142' title='bbox 458 2857 594 2920; x_wconf 87' lang='lat' dir='ltr'>offerens</span> <span class='ocrx_word' id='word_1_143' title='bbox 617 2856 826 2935; x_wconf 86' lang='lat' dir='ltr'>defensorem,</span> <span class='ocrx_word' id='word_1_144' title='bbox 843 2859 937 2922; x_wconf 85' lang='lat' dir='ltr'>exilio</span> <span class='ocrx_word' id='word_1_145' title='bbox 955 2859 1100 2942; x_wconf 70' lang='lat' dir='ltr'>pellitun</span> <span class='ocrx_word' id='word_1_146' title='bbox 1142 2859 1197 2923; x_wconf 73' lang='lat' dir='ltr'>ui,</span> 
     </span>
     <span class='ocr_line' id='line_1_23' title="bbox 244 2958 1198 3043; baseline 0.004 -21"><span class='ocrx_word' id='word_1_147' title='bbox 244 2958 360 3022; x_wconf 89' lang='lat' dir='ltr'>cardus</span> <span class='ocrx_word' id='word_1_148' title='bbox 385 2959 600 3037; x_wconf 88' lang='lat' dir='ltr'>Mariscallus,</span> <span class='ocrx_word' id='word_1_149' title='bbox 624 2981 698 3023; x_wconf 92' lang='lat' dir='ltr'>cum</span> <span class='ocrx_word' id='word_1_150' title='bbox 721 2959 871 3023; x_wconf 89' lang='lat' dir='ltr'>omnibus</span> <span class='ocrx_word' id='word_1_151' title='bbox 894 2961 959 3023; x_wconf 89' lang='lat' dir='ltr'>suis</span> <span class='ocrx_word' id='word_1_152' title='bbox 982 2961 1138 3043; x_wconf 89' lang='lat' dir='ltr'>abaregiis</span> <span class='ocrx_word' id='word_1_153' title='bbox 1165 2968 1198 3026; x_wconf 91' lang='lat' dir='ltr'>et</span> 
     </span>
     <span class='ocr_line' id='line_1_24' title="bbox 244 3061 1197 3147; baseline 0.005 -23"><span class='ocrx_word' id='word_1_154' title='bbox 244 3061 442 3145; x_wconf 83' lang='lat' dir='ltr'>alienigenis,</span> <span class='ocrx_word' id='word_1_155' title='bbox 467 3063 643 3144; x_wconf 88' lang='lat' dir='ltr'>exlegatur.</span> <span class='ocrx_word' id='word_1_156' title='bbox 689 3061 779 3126; x_wconf 89' lang='lat' dir='ltr'>Obiit</span> <span class='ocrx_word' id='word_1_157' title='bbox 804 3063 978 3144; x_wconf 85' lang='lat' dir='ltr'>Gregorius</span> <span class='ocrx_word' id='word_1_158' title='bbox 1000 3085 1103 3147; x_wconf 79' lang='lat' dir='ltr'>papa3</span> <span class='ocrx_word' id='word_1_159' title='bbox 1127 3086 1197 3129; x_wconf 86' lang='lat' dir='ltr'>suc-</span> 
     </span>
     <span class='ocr_line' id='line_1_25' title="bbox 245 3163 1197 3246; baseline 0.003 -20"><span class='ocrx_word' id='word_1_160' title='bbox 245 3165 339 3228; x_wconf 88' lang='lat' dir='ltr'>cessit</span> <span class='ocrx_word' id='word_1_161' title='bbox 356 3165 537 3228; x_wconf 85' lang='lat' dir='ltr'>Oelestinus</span> <span class='ocrx_word' id='word_1_162' title='bbox 552 3165 612 3227; x_wconf 89' lang='lat' dir='ltr'>IV.</span> <span class='ocrx_word' id='word_1_163' title='bbox 658 3163 727 3228; x_wconf 91' lang='lat' dir='ltr'>Iste</span> <span class='ocrx_word' id='word_1_164' title='bbox 742 3164 803 3227; x_wconf 82' lang='lat' dir='ltr'>fuit</span> <span class='ocrx_word' id='word_1_165' title='bbox 819 3164 984 3246; x_wconf 88' lang='lat' dir='ltr'>episcopus</span> <span class='ocrx_word' id='word_1_166' title='bbox 1002 3164 1197 3244; x_wconf 88' lang='lat' dir='ltr'>Sabinensis,</span> 
     </span>
     <span class='ocr_line' id='line_1_26' title="bbox 244 3265 1197 3346; baseline 0.005 -18"><span class='ocrx_word' id='word_1_167' title='bbox 244 3267 311 3329; x_wconf 91' lang='lat' dir='ltr'>vita</span> <span class='ocrx_word' id='word_1_168' title='bbox 336 3275 368 3330; x_wconf 92' lang='lat' dir='ltr'>et</span> <span class='ocrx_word' id='word_1_169' title='bbox 395 3267 528 3330; x_wconf 89' lang='lat' dir='ltr'>scientia</span> <span class='ocrx_word' id='word_1_170' title='bbox 552 3265 740 3330; x_wconf 89' lang='lat' dir='ltr'>laudabilis:</span> <span class='ocrx_word' id='word_1_171' title='bbox 768 3286 865 3330; x_wconf 80' lang='lat' dir='ltr'>senex</span> <span class='ocrx_word' id='word_1_172' title='bbox 891 3274 924 3330; x_wconf 88' lang='lat' dir='ltr'>et</span> <span class='ocrx_word' id='word_1_173' title='bbox 949 3266 1106 3346; x_wconf 89' lang='lat' dir='ltr'>infirmus,</span> <span class='ocrx_word' id='word_1_174' title='bbox 1133 3268 1197 3333; x_wconf 91' lang='lat' dir='ltr'>cito</span> 
     </span>
     <span class='ocr_line' id='line_1_27' title="bbox 245 3369 391 3433; baseline -0.014 0"><span class='ocrx_word' id='word_1_175' title='bbox 245 3369 391 3433; x_wconf 88' lang='lat' dir='ltr'>moritur.</span> 
     </span>
    </p>

    <p class='ocr_par' dir='ltr' id='par_1_5' title="bbox 241 3472 1195 4384">
     <span class='ocr_line' id='line_1_28' title="bbox 287 3472 1195 3555; baseline 0.002 -19"><span class='ocrx_word' id='word_1_176' title='bbox 287 3472 371 3536; x_wconf 70' lang='lat' dir='ltr'>Ab.</span> <span class='ocrx_word' id='word_1_177' title='bbox 390 3475 485 3536; x_wconf 73' lang='lat'>1234.</span> <span class='ocrx_word' id='word_1_178' title='bbox 524 3472 685 3537; x_wconf 84' lang='lat' dir='ltr'>Celestino</span> <span class='ocrx_word' id='word_1_179' title='bbox 704 3494 788 3555; x_wconf 87' lang='lat' dir='ltr'>papa</span> <span class='ocrx_word' id='word_1_180' title='bbox 806 3479 944 3552; x_wconf 88' lang='lat' dir='ltr'>mortuo,</span> <span class='ocrx_word' id='word_1_181' title='bbox 965 3475 1116 3538; x_wconf 89' lang='lat' dir='ltr'>successit</span> <span class='ocrx_word' id='word_1_182' title='bbox 1139 3475 1195 3538; x_wconf 91' lang='lat' dir='ltr'>In-</span> 
     </span>
     <span class='ocr_line' id='line_1_29' title="bbox 243 3575 1194 3642; baseline 0.001 -1"><span class='ocrx_word' id='word_1_183' title='bbox 243 3576 411 3642; x_wconf 87' lang='lat' dir='ltr'>nocentius</span> <span class='ocrx_word' id='word_1_184' title='bbox 428 3576 488 3639; x_wconf 92' lang='lat' dir='ltr'>IV.</span> <span class='ocrx_word' id='word_1_185' title='bbox 535 3576 600 3639; x_wconf 90' lang='lat' dir='ltr'>Hic</span> <span class='ocrx_word' id='word_1_186' title='bbox 615 3575 705 3639; x_wconf 91' lang='lat' dir='ltr'>sedes</span> <span class='ocrx_word' id='word_1_187' title='bbox 721 3575 931 3639; x_wconf 87' lang='lat' dir='ltr'>cardinalium</span> <span class='ocrx_word' id='word_1_188' title='bbox 951 3598 971 3639; x_wconf 91' lang='lat' dir='ltr'>a</span> <span class='ocrx_word' id='word_1_189' title='bbox 989 3576 1093 3641; x_wconf 90' lang='lat' dir='ltr'>multo</span> <span class='ocrx_word' id='word_1_190' title='bbox 1113 3584 1194 3642; x_wconf 93' lang='lat' dir='ltr'>tem-</span> 
     </span>
     <span class='ocr_line' id='line_1_30' title="bbox 243 3679 1194 3766; baseline 0.002 -23"><span class='ocrx_word' id='word_1_191' title='bbox 243 3701 319 3762; x_wconf 91' lang='lat' dir='ltr'>pore</span> <span class='ocrx_word' id='word_1_192' title='bbox 333 3701 457 3758; x_wconf 86' lang='lat' dir='ltr'>vacuas,</span> <span class='ocrx_word' id='word_1_193' title='bbox 474 3680 582 3743; x_wconf 88' lang='lat' dir='ltr'>electis</span> <span class='ocrx_word' id='word_1_194' title='bbox 598 3679 740 3762; x_wconf 88' lang='lat' dir='ltr'>personis</span> <span class='ocrx_word' id='word_1_195' title='bbox 763 3680 803 3742; x_wconf 91' lang='lat' dir='ltr'>de</span> <span class='ocrx_word' id='word_1_196' title='bbox 823 3679 953 3743; x_wconf 87' lang='lat' dir='ltr'>diversis</span> <span class='ocrx_word' id='word_1_197' title='bbox 968 3680 1082 3743; x_wconf 90' lang='lat' dir='ltr'>mundi</span> <span class='ocrx_word' id='word_1_198' title='bbox 1096 3682 1194 3766; x_wconf 84' lang='lat' dir='ltr'>parti·</span> 
     </span>
     <span class='ocr_line' id='line_1_31' title="bbox 242 3781 1194 3860; baseline 0.003 -14"><span class='ocrx_word' id='word_1_199' title='bbox 242 3782 314 3860; x_wconf 90' lang='lat' dir='ltr'>bus,</span> <span class='ocrx_word' id='word_1_200' title='bbox 330 3783 528 3846; x_wconf 87' lang='lat' dir='ltr'>restauravit.</span> <span class='ocrx_word' id='word_1_201' title='bbox 576 3783 714 3846; x_wconf 87' lang='lat' dir='ltr'>Sanctus</span> <span class='ocrx_word' id='word_1_202' title='bbox 734 3781 927 3846; x_wconf 87' lang='lat' dir='ltr'>Edmundus</span> <span class='ocrx_word' id='word_1_203' title='bbox 950 3782 991 3846; x_wconf 91' lang='lat' dir='ltr'>ad</span> <span class='ocrx_word' id='word_1_204' title='bbox 1013 3784 1194 3849; x_wconf 89' lang='lat' dir='ltr'>Romanam</span> 
     </span>
     <span class='ocr_line' id='line_1_32' title="bbox 243 3885 1192 3972; baseline 0.005 -24"><span class='ocrx_word' id='word_1_205' title='bbox 243 3887 364 3950; x_wconf 86' lang='lat' dir='ltr'>curiam</span> <span class='ocrx_word' id='word_1_206' title='bbox 384 3907 417 3950; x_wconf 89' lang='lat' dir='ltr'>se</span> <span class='ocrx_word' id='word_1_207' title='bbox 436 3887 641 3966; x_wconf 86' lang='lat' dir='ltr'>transferens,</span> <span class='ocrx_word' id='word_1_208' title='bbox 657 3893 695 3950; x_wconf 91' lang='lat' dir='ltr'>ut</span> <span class='ocrx_word' id='word_1_209' title='bbox 711 3885 878 3950; x_wconf 87' lang='lat' dir='ltr'>dominum</span> <span class='ocrx_word' id='word_1_210' title='bbox 898 3909 1014 3971; x_wconf 90' lang='lat' dir='ltr'>papam</span> <span class='ocrx_word' id='word_1_211' title='bbox 1035 3887 1074 3951; x_wconf 90' lang='lat' dir='ltr'>de</span> <span class='ocrx_word' id='word_1_212' title='bbox 1094 3909 1192 3972; x_wconf 89' lang='lat' dir='ltr'>nego-</span> 
     </span>
     <span class='ocr_line' id='line_1_33' title="bbox 242 3989 1192 4074; baseline 0.003 -22"><span class='ocrx_word' id='word_1_213' title='bbox 242 3990 299 4052; x_wconf 89' lang='lat' dir='ltr'>tiis</span> <span class='ocrx_word' id='word_1_214' title='bbox 320 3989 386 4052; x_wconf 91' lang='lat' dir='ltr'>suis</span> <span class='ocrx_word' id='word_1_215' title='bbox 409 3989 599 4069; x_wconf 89' lang='lat' dir='ltr'>consuleret,</span> <span class='ocrx_word' id='word_1_216' title='bbox 622 3991 672 4053; x_wconf 90' lang='lat' dir='ltr'>vel</span> <span class='ocrx_word' id='word_1_217' title='bbox 693 3989 776 4054; x_wconf 87' lang='lat' dir='ltr'>forte</span> <span class='ocrx_word' id='word_1_218' title='bbox 799 3989 875 4074; x_wconf 88' lang='lat' dir='ltr'>quia</span> <span class='ocrx_word' id='word_1_219' title='bbox 895 3989 931 4054; x_wconf 91' lang='lat' dir='ltr'>in</span> <span class='ocrx_word' id='word_1_220' title='bbox 953 3990 1095 4055; x_wconf 89' lang='lat' dir='ltr'>Domino</span> <span class='ocrx_word' id='word_1_221' title='bbox 1117 4013 1192 4055; x_wconf 91' lang='lat' dir='ltr'>con-</span> 
     </span>
     <span class='ocr_line' id='line_1_34' title="bbox 241 4092 1195 4175; baseline 0.001 -20"><span class='ocrx_word' id='word_1_222' title='bbox 241 4092 355 4171; x_wconf 88' lang='lat' dir='ltr'>fidens,</span> <span class='ocrx_word' id='word_1_223' title='bbox 377 4113 514 4155; x_wconf 88' lang='lat' dir='ltr'>munera</span> <span class='ocrx_word' id='word_1_224' title='bbox 538 4114 606 4156; x_wconf 91' lang='lat' dir='ltr'>non</span> <span class='ocrx_word' id='word_1_225' title='bbox 630 4093 803 4175; x_wconf 85' lang='lat' dir='ltr'>praemisit:</span> <span class='ocrx_word' id='word_1_226' title='bbox 828 4092 907 4156; x_wconf 91' lang='lat' dir='ltr'>dum</span> <span class='ocrx_word' id='word_1_227' title='bbox 928 4092 1067 4156; x_wconf 86' lang='lat' dir='ltr'>infesto</span> <span class='ocrx_word' id='word_1_228' title='bbox 1090 4093 1195 4156; x_wconf 86' lang='lat' dir='ltr'>sancti</span> 
     </span>
     <span class='ocr_line' id='line_1_35' title="bbox 242 4195 1190 4279; baseline 0.001 -21"><span class='ocrx_word' id='word_1_229' title='bbox 242 4195 412 4261; x_wconf 88' lang='lat' dir='ltr'>Benedicti</span> <span class='ocrx_word' id='word_1_230' title='bbox 423 4195 571 4259; x_wconf 89' lang='lat' dir='ltr'>dominus</span> <span class='ocrx_word' id='word_1_231' title='bbox 586 4217 669 4279; x_wconf 90' lang='lat' dir='ltr'>papa</span> <span class='ocrx_word' id='word_1_232' title='bbox 684 4215 795 4258; x_wconf 91' lang='lat' dir='ltr'>onmes</span> <span class='ocrx_word' id='word_1_233' title='bbox 808 4195 966 4278; x_wconf 87' lang='lat' dir='ltr'>praelatos‚</span> <span class='ocrx_word' id='word_1_234' title='bbox 979 4196 1035 4278; x_wconf 90' lang='lat' dir='ltr'>qui</span> <span class='ocrx_word' id='word_1_235' title='bbox 1047 4195 1190 4274; x_wconf 87' lang='lat' dir='ltr'>aderant,</span> 
     </span>
     <span class='ocr_line' id='line_1_36' title="bbox 242 4297 1193 4384; baseline -0.001 -19"><span class='ocrx_word' id='word_1_236' title='bbox 242 4299 283 4364; x_wconf 87' lang='lat' dir='ltr'>ad</span> <span class='ocrx_word' id='word_1_237' title='bbox 309 4300 460 4384; x_wconf 91' lang='lat' dir='ltr'>poculum</span> <span class='ocrx_word' id='word_1_238' title='bbox 485 4299 628 4362; x_wconf 89' lang='lat' dir='ltr'>caritatis</span> <span class='ocrx_word' id='word_1_239' title='bbox 652 4298 807 4376; x_wconf 84' lang='lat' dir='ltr'>invitarit,</span> <span class='ocrx_word' id='word_1_240' title='bbox 834 4297 926 4362; x_wconf 86' lang='lat' dir='ltr'>ibant</span> <span class='ocrx_word' id='word_1_241' title='bbox 956 4297 1094 4381; x_wconf 82' lang='lat' dir='ltr'>singuli:</span> <span class='ocrx_word' id='word_1_242' title='bbox 1126 4298 1193 4382; x_wconf 89' lang='lat' dir='ltr'>ipse</span> 
     </span>
    </p>
   </div>
   <div class='ocr_carea' id='block_1_5' title="bbox 0 0 1610 5102">
    <p class='ocr_par' dir='ltr' id='par_1_6' title="bbox 0 0 1610 5102">
     <span class='ocr_line' id='line_1_37' title="bbox 0 0 1610 5102; baseline 0 4"><span class='ocrx_word' id='word_1_243' title='bbox 0 0 1610 5102; x_wconf 95' lang='lat' dir='ltr'> </span> 
     </span>
    </p>
   </div>
  </div>
 </body>
</html>
