3218 5098
347 643 390 705 20
650 659 847 704 cunourcou
864 658 999 702 incarn

389 776 474 841 A.D.
490 777 566 839 891.
595 775 777 840 Normanni
796 763 988 838 Warmaciae
1010 773 1195 858 episcopum
1217 775 1298 838 occi·

347 881 440 945 dunt.
471 882 492 944 J
494 880 636 944 ohannes
650 879 766 943 Scotus
781 879 958 942 monachus
973 878 1195 942 Malmesberii
1209 877 1299 957 obiit,

347 985 521 1061 confossus,
550 991 589 1048 ut
620 983 747 1060 dicitur,
778 982 920 1065 graphiis
948 1003 1132 1066 puerorum,
1164 1003 1300 1066 quorum

348 1088 502 1170 magister
517 1093 594 1150 erat.

391 1191 477 1255 A.D.
501 1193 575 1255 892.
607 1188 765 1252 Arnulfus
788 1187 996 1252 Normannos
1019 1187 1112 1271 fugat
1138 1209 1159 1251 a
1182 1185 1302 1252 finibus

350 1317 426 1360 suis.

392 1397 478 1461 A.D.
495 1399 570 1460 893.
600 1394 756 1459 Arnulfur
779 1393 1040 1477 Longobardiam
1060 1393 1173 1459 intrat.
1217 1394 1303 1459 Nor·

349 1501 471 1577 manni,
488 1498 622 1562 Francia
639 1499 761 1576 relicta,
781 1497 930 1560 Cantium
950 1497 1043 1562 Duce
1064 1497 1193 1563 Hasten
1211 1498 1299 1562 veni·

350 1611 422 1681 unt,
435 1608 467 1666 et
483 1601 568 1686 apud
584 1601 753 1665 Medelton
768 1601 985 1665 munitionem
1000 1601 1061 1664 sibi
1076 1607 1280 1666 construunt.

394 1707 480 1771 A.D.
496 1708 569 1770 894.
596 1704 749 1769 Allredus
763 1725 820 1768 rex
835 1725 909 1768 cum
924 1703 1027 1768 Danis
1041 1704 1214 1768 fortissime
1228 1725 1303 1770 con-

351 1814 475 1897 fligens,
491 1814 600 1891 vincit,
617 1820 649 1876 et
666 1813 705 1877 de
720 1819 807 1876 terra
821 1813 959 1896 expellit.
1341 1845 1351 1866 .

394 1919 480 1981 Aa).
497 1919 571 1982 895.
598 1916 706 1994 Wido,
720 1917 774 1999 qui
791 1916 912 1980 Karolo
925 1921 1056 1980 mortuo
1071 1912 1306 1997 Berengarium

354 2018 394 2082 de
420 2017 518 2081 Italia
543 2017 704 2099 expellens
731 2038 764 2080 se
790 2017 915 2082 dixerat
940 2017 1177 2100 imperatorem,
1204 2015 1304 2080 obiit:

354 2121 506 2185 successit
522 2120 714 2184 Lambertus
729 2121 813 2185 filius
829 2123 908 2206 ejus.
949 2122 1074 2205 Pagani
1086 2121 1206 2185 iterum
1221 2119 1305 2183 Can·

354 2225 434 2289 tiam
449 2230 610 2306 repetunt.

397 2327 483 2392 A.D.
500 2328 574 2391 896.
606 2326 810 2407 Lambertus,
827 2328 882 2412 qui
900 2351 934 2392 se
951 2327 1097 2393 coronari
1116 2329 1151 2391 in
1171 2328 1308 2410 impera·

355 2436 458 2495 torem
481 2430 610 2509 fecerat,
634 2430 731 2495 obiit:
757 2432 909 2496 successit
932 2432 1100 2511 Amulius,
1124 2431 1188 2515 qui,
1211 2431 1308 2495 Italia

339 2557 344 2564 ·
357 2535 538 2618 subjugata,
555 2557 574 2598 a
588 2557 671 2618 papa
685 2544 866 2599 coronatur.

397 2638 482 2702 A.D.
499 2640 574 2703 897.
605 2639 727 2722 Pagani
743 2639 861 2702 itenrm
876 2638 916 2704 ab
932 2640 1053 2723 Anglia
1066 2639 1172 2724 fugati
1188 2639 1308 2724 Sequa·

354 2761 432 2805 nam
448 2740 578 2805 adeunt.

398 2845 484 2908 A.D.
514 2847 587 2909 898.
627 2846 722 2910 Rollo
751 2866 826 2909 cum
851 2845 918 2909 suis
942 2846 1121 2910 Carnotum
1147 2844 1308 2924 obsidens,

357 2955 475 3012 nanctae
493 2948 556 3011 Dei
576 2948 740 3032 genitricis
754 2949 884 3027 virtute,
899 2949 951 3012 vix
966 2949 1076 3013 evasit.
1124 2948 1309 3033 Stephanus

360 3098 369 3115 ·
401 3154 486 3220 A.D.
502 3156 577 3219 899.
607 3155 766 3219 Arnulfus
785 3155 959 3238 imperator
974 3160 1133 3220 comestus
1149 3155 1310 3238 spedicu-

356 3258 396 3322 lis
420 3258 516 3323 obiit:
544 3259 696 3323 successit
716 3257 898 3324 Ludovicus
921 3259 1007 3323 filius
1031 3259 1110 3343 ejus.
1158 3257 1310 3342 Huugari

359 3363 490 3428 Italiam
503 3369 641 3427 vastant.

402 3468 487 3532 A.D.
512 3469 587 3532 900.
625 3467 761 3531 Plurimi
787 3466 927 3550 episcopi
950 3474 984 3530 et
1006 3466 1159 3550 primates
1182 3465 1312 3551 Angliae

360 3571 521 3636 obierunt.

402 3674 489 3737 A.D.
505 3675 580 3736 901.
610 3672 764 3737 Alfredus
778 3693 835 3736 rex
850 3672 930 3737 obiit
938 3698 947 3751 ;
972 3673 1124 3737 successit
1141 3673 1225 3738 filius
1244 3674 1312 3757 ejus

360 3776 537 3842 Edwardus
552 3783 765 3858 cognomento
781 3777 905 3841 senior:
927 3776 982 3840 hic
1000 3776 1102 3840 literis
1121 3783 1212 3861 patre
1229 3777 1312 3840 infe-

361 3882 435 3960 rior,
453 3879 509 3944 sed
524 3879 625 3962 gloria
639 3879 771 3943 militari
786 3880 926 3942 multum
942 3881 1086 3963 superior
1100 3880 1172 3944 fuit.

401 3986 487 4049 AJ).
504 3986 577 4048 902.
609 3983 731 4046 Contra
749 4004 858 4066 regem
878 3983 1073 4048 Edwardum
1095 3984 1181 4048 Clito
1200 3983 1312 4048 Ethel-

361 4088 483 4154 woldus
504 4085 658 4171 patruelis
681 4086 834 4171 ejusdem,
851 4087 1044 4170 quibusdam
1066 4088 1203 4151 urbibus
1224 4087 1313 4150 inva-

362 4195 414 4270 sis,
430 4192 534 4277 primo
548 4213 682 4256 manum
696 4191 821 4270 levavit,
837 4192 894 4255 sed
908 4192 973 4257 cito
987 4192 1116 4257 corruit.

405 4298 489 4361 A.D.
507 4299 581 4362 903.
611 4297 729 4362 Multae
744 4295 966 4362 altercationes
980 4297 1075 4362 factae
1090 4302 1177 4376 sunt,
1194 4301 1227 4361 et
1242 4316 1312 4360 mu-
