3218 5098
351 585 394 647 40
649 602 846 646 cuuourcou
865 601 1000 644 anatra

279 701 289 719 ⁶
351 721 432 785 bant
442 747 453 799 3
477 720 595 803 quibus
620 740 721 803 quum
747 705 862 803 saepius
888 716 1067 794 mandaret,
1091 721 1129 780 ut
1154 738 1174 780 a
1196 715 1298 779 stultis

352 826 513 917 cessantes
529 821 637 884 divino
652 809 816 898 offerrent,
835 819 946 903 illique
964 839 1033 883 non
1052 816 1304 901 adquiescerent,

352 925 453 988 iratus
474 924 539 1002 ille,
560 930 581 959 “
591 925 730 1002 Placeat,
752 924 869 1007 inquit,
891 924 967 988 Deo·
981 930 1015 987 et
1035 931 1148 989 sancto
1169 925 1304 1007 Magno,

352 1035 391 1092 ut
417 1049 503 1091 auno
527 1028 591 1093 isto
617 1049 684 1091 non
710 1027 839 1091 cessetis
848 1026 880 1106 ;”
916 1028 996 1110 (erat
1026 1028 1144 1111 quippe
1174 1028 1306 1092 ecclesia

355 1131 458 1196 sancti
480 1130 597 1214 Magni
619 1130 769 1216 martyris
780 1133 800 1214 :)
825 1131 1010 1214 factumque
1033 1138 1082 1195 est
1103 1131 1160 1208 ita,
1180 1151 1237 1214 per
1256 1138 1305 1195 to·
1392 1215 1396 1224 Ι

354 1243 426 1298 tum
450 1257 572 1298 annum
597 1234 773 1318 cantabant
800 1241 833 1297 et
857 1233 1007 1298 choream
1031 1234 1212 1312 ducebant,
1238 1255 1306 1302 non

355 1346 432 1403 sunt
447 1339 560 1402 attrita
574 1336 768 1402 vestimenta
785 1359 896 1402 eorum
917 1359 978 1401 neo
999 1337 1225 1415 calceamenta,
1240 1359 1307 1401 non

354 1441 465 1525 frigus,
481 1464 547 1506 non
563 1442 690 1520 famem,
705 1463 773 1506 non
794 1441 891 1520 sitim,
907 1462 974 1504 nou
989 1441 1214 1504 lassitudinem
1234 1461 1305 1504 seu-

355 1552 466 1610 serunt
476 1572 485 1624 3
509 1546 612 1629 primo
635 1545 677 1608 ad
699 1566 815 1628 genua,
838 1544 972 1608 tandem
993 1543 1034 1608 ad
1055 1544 1222 1626 cingulum
1242 1551 1306 1608 ter-

354 1671 424 1712 ram
439 1649 574 1714 terendo
589 1649 624 1712 in
639 1654 726 1712 terra
740 1648 878 1712 demersi
898 1653 984 1712 sunt.
1030 1648 1190 1731 Denique,
1208 1668 1312 1730 quum,

354 1753 439 1815 filius
464 1752 642 1838 presbyteri
669 1751 824 1816 violenter
850 1772 991 1815 sororem
1017 1772 1119 1829 suam,
1145 1772 1216 1834 quae
1242 1772 1302 1813 una

355 1863 424 1919 erat
440 1856 566 1934 axillis,
582 1878 639 1939 per
654 1855 822 1920 brachium
838 1854 1004 1918 extrahere
1020 1855 1124 1932 vellet,
1140 1853 1308 1917 brachium

356 1959 424 2022 sine
449 1959 616 2041 sanguinis
639 1965 734 2040 gutta
756 1957 882 2036 avulsit,
906 1979 976 2040 quae
999 1956 1209 2020 nihilominus
1233 1978 1308 2020 oum

356 2060 425 2123 aliis
448 2061 606 2125 indefesse
630 2060 788 2124 circuiens
812 2060 974 2125 cantabat.
1020 2059 1138 2123 Ereota
1160 2067 1208 2123 est
1232 2080 1308 2141 ergo

356 2185 453 2246 supra
474 2171 604 2227 vexatos
628 2163 750 2227 fabrica
772 2170 903 2247 propter
927 2163 1007 2226 aeris
1031 2163 1213 2240 molestias3
1236 2170 1309 2226 tan·

359 2266 433 2329 dem
452 2265 545 2329 finito
565 2287 661 2344 annu,
684 2273 814 2329 sanctus
833 2265 1023 2344 Herbcrtus,
1040 2265 1239 2329 Coloniensis
1260 2286 1308 2328 ar-

357 2367 588 2452 chiepiscopus,
605 2391 680 2432 cum
695 2391 816 2451 magna
830 2368 999 2433 devotione
1019 2368 1164 2447 absolvit,
1180 2375 1214 2432 et
1233 2375 1309 2431 ante

358 2473 458 2536 altare
479 2473 583 2535 sancti
600 2472 717 2555 Magni
736 2472 907 2555 produxit:
929 2472 987 2536 ubi
1007 2473 1117 2536 statim
1137 2473 1203 2535 filia
1222 2493 1309 2555 pres·

357 2575 472 2660 byteri,
489 2597 563 2639 cum
579 2576 648 2639 aliis
664 2575 799 2654 duobus,
816 2575 978 2655 defuncta,
994 2576 1111 2660 reliqui
1124 2575 1228 2639 tribus
1244 2575 1309 2638 die-

358 2679 419 2743 bus
435 2686 467 2742 et
483 2678 586 2743 tribus
601 2679 751 2742 noctibus
766 2678 972 2758 dormientes,
989 2679 1160 2744 decaetero
1176 2678 1311 2743 deformi

360 2781 505 2847 omnium
528 2782 746 2847 membrorum
769 2790 908 2846 tremore
932 2804 1056 2846 soreos
1079 2783 1309 2866 prodiderunt,

360 2885 494 2969 quidam
511 2892 622 2950 tamen
642 2907 753 2950 eorum
775 2893 847 2969 post
867 2894 1005 2951 mortem
1025 2886 1187 2950 miraculis
1201 2886 1310 2950 ferun-

360 2996 415 3053 tur
429 2989 557 3052 luxisse.

403 3093 487 3156 An).
506 3095 601 3157 1012.
641 3092 787 3156 Perfidus
810 3091 876 3156 dux
898 3092 1034 3156 Edricns
1057 3099 1091 3157 et
1113 3114 1225 3157 omues
1247 3092 1310 3176 pri-

360 3204 463 3260 mates
474 3196 602 3280 Angliae
617 3195 794 3260 Londoniae
809 3197 1005 3278 congregati,
1023 3195 1124 3259 Danis
1139 3195 1310 3273 tributum,

361 3299 481 3364 seilicet
497 3299 710 3384 quadraginta
724 3306 757 3363 et
773 3305 845 3364 octo
860 3299 998 3363 millium
1012 3299 1177 3378 librarum,
1193 3299 1316 3382 persoh

361 3404 489 3469 vehant.
535 3405 666 3468 Interea
685 3403 737 3468 die
757 3403 883 3467 sabbati
909 3403 1036 3486 [Elfego
1057 3400 1311 3486 archiepiscopo]

362 3529 382 3570 a
395 3507 498 3571 Danis
513 3508 703 3591 proponitur
717 3507 868 3586 conditio,
884 3514 922 3570 ut
938 3507 965 3569 si
978 3506 1074 3570 vellet
1088 3506 1155 3569 vita
1169 3512 1202 3569 et
1216 3505 1310 3569 liber-

361 3616 430 3673 tate
449 3609 556 3693 potiri,
571 3611 659 3673 mille
679 3609 776 3673 libras
796 3611 1006 3693 persolveret,
1029 3610 1085 3673 illo
1099 3610 1240 3688 nolente,
1256 3630 1309 3672 ne·

363 3733 433 3776 cem
451 3714 520 3795 ejus
538 3712 696 3797 usquead
716 3713 812 3790 aliud,
824 3712 995 3776 sabbatum
1010 3713 1214 3797 protelabant
1223 3739 1233 3789 3
1257 3713 1308 3776 sed

362 3836 467 3897 neque
482 3822 562 3877 tuuc
578 3815 833 3878 consentientem
848 3816 987 3898 aliquem
1003 3838 1135 3880 suorum
1151 3816 1215 3880 sive
1234 3816 1311 3880 libe·

362 3939 471 3981 rorum
493 3917 557 3980 sive
577 3917 757 3980 nativorum
782 3917 990 3982 servientium
1010 3941 1068 4002 pro
1088 3941 1147 3984 sua
1167 3920 1312 4003 redemp-

363 4021 451 4085 tione
469 4019 563 4084 bonis
583 4020 649 4083 suis
668 4019 802 4104 spoliare
818 4020 906 4084 Dani
920 4023 1093 4087 crudeliter
1107 4023 1312 4101 occiderunt,

363 4145 476 4208 eorpus
496 4144 570 4187 vero
590 4123 676 4187 illius
696 4123 748 4188 die
767 4126 914 4207 sequenti
935 4126 1138 4190 Londoniam
1159 4127 1313 4205 delatum,

363 4227 402 4292 ab
418 4226 572 4312 episcopis
587 4226 730 4292 Elnotho
745 4226 964 4308 [lincolniensi
979 4236 1012 4294 ct
1027 4229 1168 4294 Alfuino
1184 4229 1314 4296 Londo-
