3216 5104
592 614 882 661 rnrarauaenusn.
1151 602 1215 665 14⁷

264 733 386 798 Karolo
397 732 582 800 decollatus.
614 735 705 800 Obiit
721 735 870 801 Clemens
883 755 984 819 papa:
1006 735 1068 800 iste
1081 756 1216 802 uxorem

264 843 298 900 et
312 837 394 900 filios
408 836 533 917 babuit,
548 837 689 902 famosus
712 844 745 903 et
768 839 966 903 consiliarius
988 837 1110 903 domini
1131 840 1215 925 regis

264 941 429 1020 Franciae3
452 940 587 1006 tandem
600 963 699 1006 uxore
714 949 851 1022 mortua,
867 943 972 1007 factus
987 948 1036 1006 est
1050 942 1215 1026 episcopus

263 1043 439 1122 Podiensis,
458 1043 535 1108 inde
557 1044 811 1128 archiepiscopus
830 1043 1061 1122 Narbonensis,
1081 1044 1214 1109 tandem

265 1145 450 1210 Sabinensis
466 1147 632 1230 episcopus
652 1152 683 1210 st
703 1145 882 1224 cardinalis,
897 1147 932 1210 in
947 1167 1063 1229 papam
1078 1152 1127 1211 est
1141 1167 1213 1230 pro-

262 1254 380 1327 motus,
391 1253 527 1331 tumque
541 1248 657 1332 vigiliis
672 1255 705 1312 et
720 1248 917 1314 orationibus
931 1248 1077 1314 intentus
1091 1249 1127 1312 in
1141 1253 1213 1314 tan-

262 1355 344 1431 tum,
359 1357 398 1415 ut
413 1351 532 1416 multas
547 1351 686 1416 ecclesiae
704 1351 928 1416 tribulationes
948 1352 1038 1416 Deus
1058 1351 1126 1434 ejus
1145 1371 1214 1416 me·

261 1451 332 1516 ritis
351 1459 431 1517 tunc
452 1453 625 1518 extinxisse
644 1453 824 1532 videretur3
846 1453 1032 1535 vacavitque
1047 1453 1137 1517 sedes
1157 1473 1213 1517 an·

262 1553 312 1617 nis
326 1553 440 1634 tribus,
456 1554 621 1620 mensibus
637 1554 772 1635 duobus,
789 1555 900 1620 diebus
916 1555 1036 1620 decem.

304 1656 390 1720 AD.
408 1657 503 1722 1269.
540 1656 744 1736 Edmundus,
759 1657 843 1721 filius
859 1657 994 1722 Henrici
1011 1656 1106 1739 regis,
1122 1655 1214 1720 duxit

260 1757 296 1822 in
321 1779 455 1822 uxorem
479 1758 578 1823 filiam
604 1765 637 1824 et
661 1759 823 1824 haeredem
848 1759 973 1824 comitis
997 1757 1212 1822 Albemarliae.

261 1860 422 1925 Dominus
443 1882 502 1925 rex
522 1861 689 1926 transtulit
712 1868 861 1926 sanctum
881 1861 1077 1926 deardum
1098 1860 1134 1924 in
1155 1881 1214 1924 no·

261 1985 338 2028 vum
352 1963 598 2048 presbyterium,
615 1964 701 2048 quod
715 1964 850 2028 mirifico
864 1985 958 2048 opere
972 1969 1213 2047 praeparaverat,

261 2065 368 2149 ipsum
381 2066 418 2129 in
428 2065 522 2130 Novo
533 2066 620 2130 Loco
634 2065 813 2131 recondens
827 2066 878 2130 die
893 2063 1113 2131 translationis
1130 2065 1213 2128 anti-

262 2189 343 2251 quae.
383 2168 545 2232 Dominus
559 2169 746 2249 Edwardus
761 2169 847 2233 filius
861 2169 955 2252 regis,
972 2189 1067 2251 super
1082 2167 1214 2250 negotio

260 2270 393 2335 Terram
405 2271 559 2335 Sanctam
574 2271 714 2335 adeundi
728 2277 842 2334 mutuo
856 2269 978 2354 recepit
993 2291 1012 2333 a
1025 2290 1102 2351 rege
1113 2270 1213 2333 Fran-

260 2372 318 2436 ciae
340 2373 521 2456 septuagies
542 2373 631 2437 mille
652 2393 786 2451 marcas,
802 2372 927 2436 cunctis
948 2371 1042 2436 terris
1064 2369 1215 2434 Edwardi

259 2473 483 2539 transmarinis
502 2474 572 2556 regi
591 2474 734 2538 Franciae
750 2473 898 2557 obligatis
907 2499 917 2552 3
941 2495 1039 2557 quam
1054 2492 1214 2536 summam

259 2577 404 2661 pecunia
418 2577 483 2642 nisi
500 2577 584 2642 infra
598 2577 777 2642 triennium
791 2578 994 2662 persolveret,
1010 2577 1105 2642 dictae
1118 2583 1214 2641 terrae

259 2680 410 2746 Edwardi
424 2686 579 2764 perpetuo
593 2680 663 2764 regi
677 2680 821 2745 Franeiae
834 2686 1040 2745 remanerent
1048 2704 1058 2758 3
1079 2684 1112 2743 et
1127 2677 1214 2762 quod

258 2803 326 2846 una
339 2803 414 2847 cum
427 2803 505 2865 rege
521 2783 775 2865 proficisceretur
788 2783 825 2847 in
840 2783 971 2850 Terram
989 2782 1153 2860 Sanctam,
1169 2781 1213 2844 ei-

259 2883 334 2949 dem
352 2885 431 2968 regi,
448 2883 540 2967 quasi
558 2905 643 2948 unus
664 2905 704 2950 ex
722 2885 857 2968 propriis
876 2884 1059 2962 baronibus,
1075 2883 1214 2947 fideliter

258 2986 559 3070 obtemperaturus3
583 3008 679 3070 super
700 3009 764 3071 quo
785 2988 888 3051 filium
913 3008 1008 3052 suum
1032 2985 1213 3050 Henricum

257 3090 399 3168 nomine,
416 3089 560 3154 obsidem
580 3089 649 3174 regi
669 3090 769 3154 misit.
813 3089 904 3155 Obiit
924 3088 1111 3152 Bonifacius
1127 3088 1211 3151 Can-

256 3191 429 3256 tuariensis
444 3191 720 3276 archiepiscopus;
741 3192 794 3257 cui
808 3192 960 3257 successit
974 3191 1075 3254 frater
1089 3189 1211 3254 Rober-

256 3299 311 3358 tus
327 3294 366 3358 de
382 3293 597 3378 Keilwardby,
612 3295 700 3379 prior
720 3294 922 3379 provincialis
940 3294 1078 3357 fratrum
1097 3291 1211 3374 praedi-

256 3402 403 3460 catorum
417 3395 453 3459 in
467 3395 598 3479 Anglia.

299 3496 385 3561 A.D.
410 3499 505 3561 1270.
556 3495 718 3560 Dominus
746 3495 938 3574 Irndovicus,
967 3515 1024 3558 rex
1053 3493 1206 3572 Francius,

256 3618 366 3662 versus
388 3599 520 3662 Terram
543 3597 697 3663 Sanctam
720 3619 795 3662 cum
818 3619 937 3680 magno
962 3597 1103 3662 exercitu
1127 3597 1210 3662 circa

256 3701 400 3766 medium
416 3699 677 3783 Quadragesimae
690 3699 753 3764 iter
767 3719 862 3764 suum
878 3698 1012 3782 arripuit
1020 3725 1030 3776 3
1054 3704 1086 3763 et
1106 3698 1208 3763 domi-

257 3825 320 3868 nus
331 3801 507 3867 Edwardus
519 3808 674 3886 sequutus
689 3807 738 3867 est
753 3823 828 3866 eum
841 3801 877 3865 in
892 3807 1049 3866 autumno
1064 3802 1209 3885 proximo

255 3905 474 3988 consequenti.
513 3905 583 3968 Rex
598 3903 741 3968 Franciae
755 3902 937 3967 itinerando
951 3923 1059 3967 versus
1074 3902 1207 3966 Terram

259 3999 422 4088 Sanctam,
444 4008 481 4071 in
503 4007 609 4070 insula
631 4006 778 4089 quadam,
802 4015 874 4090 quae
896 4011 945 4070 est
968 4006 1084 4084 Times,
1099 4004 1187 4071 ⁴obiit
1198 4030 1208 4083 3

257 4111 316 4174 filii
335 4109 433 4175 etiam
456 4110 551 4194 regia,
567 4116 600 4174 et
620 4131 675 4174 rex
695 4109 869 4188 Navarriae,
886 4115 919 4172 et
940 4108 1065 4191 legatus
1086 4106 1208 4170 domini

255 4233 355 4297 papae,
371 4219 405 4277 et
420 4212 586 4296 episcopus
597 4211 801 4290 Albanensis,
817 4232 892 4276 cum
906 4211 1046 4276 maxima
1059 4207 1207 4273 multitu-

708 4323 762 4384 nd
