3226 5100
362 627 405 690 58
703 646 900 689 011110111οο11
919 647 1054 688 anema

361 763 536 847 proferena
554 761 666 825 Gloria
680 762 780 840 Patri,
796 756 829 826 et
845 761 926 825 Filio
935 787 944 840 ;
969 762 1025 826 sed
1041 761 1198 845 Spiritum
1216 761 1315 826 Sanc-

362 873 435 930 tum
449 886 510 929 nec
524 873 604 928 tunc
618 886 678 928 nec
693 865 779 928 ultra
793 865 829 928 in
844 871 914 928 tota
927 866 993 928 vita
1008 887 1066 928 sua
1081 865 1186 929 dicere
1198 865 1314 948 potuit.

364 969 552 1052 Conjuratio
575 969 679 1050 gravis
702 977 815 1031 contra
836 989 946 1050 regem
961 969 1171 1046 Willelmum,
1191 968 1244 1031 cui
1265 969 1314 1031 in-

362 1073 475 1136 terfuit
490 1072 663 1134 Waldevus
678 1093 783 1136 comes
799 1071 1042 1154 Northampton
1050 1097 1059 1149 3
1083 1071 1222 1135 sednon
1240 1093 1315 1135 con-

363 1176 474 1252 sensit,
487 1175 550 1238 nisi
565 1182 703 1239 coactus.
734 1175 857 1239 Eodem
873 1196 958 1237 111110
974 1175 1032 1238 Ινο
1043 1174 1193 1251 Tailbois,
1206 1196 1313 1238 comes

363 1279 614 1362 Andegavensis,
631 1278 780 1342 dominus
798 1277 993 1361 Spaldingiae
1011 1286 1044 1342 et
1059 1277 1160 1341 totius
1176 1278 1313 1341 Hellan-

363 1383 435 1460 diae,
465 1383 631 1446 monacbis
665 1383 768 1447 sancti
801 1383 930 1447 Nicolai
959 1382 1164 1465 Andegaviae,
1195 1382 1315 1445 Natale

364 1493 444 1549 tunc
463 1485 580 1550 abbate
599 1486 730 1564 ibidem,
746 1486 860 1550 cellam
877 1486 1073 1569 Spaldingiae
1092 1485 1195 1568 primo
1215 1484 1314 1548 dedit.

365 1589 433 1652 Iste
455 1589 522 1666 Ivo,
538 1589 673 1652 maritus
689 1589 798 1652 Luciae
814 1589 993 1667 comitissae,
1010 1589 1149 1653 decimas
1165 1609 1202 1651 ae
1216 1587 1315 1651 dona-

364 1692 478 1770 tiones,
492 1713 570 1774 quas
585 1692 740 1756 Toraldus
755 1692 932 1756 avimculus
947 1691 1090 1774 ejusdem
1105 1691 1223 1769 Luciae,
1240 1691 1316 1754 ffliae

364 1795 477 1877 Algari
499 1795 624 1858 comitis
646 1796 838 1873 Leieestriae,
858 1795 1024 1859 monachis
1046 1794 1242 1877 Spaldingiae
1262 1794 1316 1857 de-

365 1897 466 1974 derat,
483 1899 646 1961 evidenter
665 1898 740 1962 fecit
761 1898 963 1962 confirmari:
987 1897 1180 1980 donavitque
1196 1896 1317 1961 eisdem

364 2001 530 2064 monachis
551 2001 708 2064 decimam
727 2003 846 2066 telonei
866 2009 899 2066 et
920 2003 1096 2066 salinarum
1112 2002 1151 2064 de
1168 2002 1315 2085 Spaldin-

365 2103 428 2184 gia,
444 2109 477 2166 et
491 2103 659 2186 piscariam
675 2105 714 2167 de
729 2104 904 2182 Westlode‚
920 2125 995 2168 oum
1012 2125 1079 2167 uno
1098 2104 1267 2187 piscatore,
1283 2112 1316 2169 et

366 2205 522 2269 decimam
536 2207 681 2289 piscium,
699 2228 770 2289 quae
788 2206 824 2269 in
844 2212 913 2270 tota
928 2206 996 2290 ejus
1012 2213 1099 2270 terra
1115 2217 1316 2290 caperentur,

365 2329 403 2371 ac
425 2309 582 2374 decimam
602 2309 779 2374 bestiarum
802 2331 932 2373 suarum
954 2309 1156 2388 silvestrium,
1180 2310 1316 2374 ubicun-

365 2434 428 2494 que
443 2421 557 2476 essent
603 2413 744 2478 Donavit
760 2414 858 2477 etiam
873 2413 966 2477 dietis
981 2414 1146 2477 monachis
1167 2414 1207 2478 de
1224 2415 1315 2498 Spal-

366 2517 476 2599 dingia
502 2516 640 2582 decimas
665 2518 873 2601 particulares
898 2518 933 2581 in
959 2517 1147 2600 Totteneye,
1172 2517 1313 2581 Alkeba-

364 2639 458 2696 rowe,
473 2617 674 2702 Normanby‚
695 2619 888 2703 Beltysford,
909 2625 942 2682 et
964 2619 1204 2703 Bolyngbroke,
1226 2627 1259 2684 et
1281 2621 1317 2684 in

366 2722 508 2804 qualibet
535 2722 708 2785 earundem
733 2745 837 2786 unum
863 2722 1021 2786 rusticum
1046 2744 1104 2805 pro
1129 2723 1317 2806 hujusmodi

366 2824 497 2888 decimis
513 2824 710 2907 colligendis.
754 2827 798 2890 Et
816 2826 856 2889 ad
876 2824 1066 2888 instantiam
1082 2826 1226 2908 praedicti
1244 2826 1315 2890 Ivo-

364 2929 415 2991 nis
430 2927 580 3006 Tanton,
590 2927 772 2992 Willelmus
787 2950 853 3007 rex,
865 2928 993 3010 Angliae
1008 2933 1209 3010 conquestor,
1222 2929 1314 2992 Will-

366 3031 468 3094 elmus
488 3038 520 3095 et
540 3031 711 3109 Henricus,
728 3053 818 3114 reges
841 3039 874 3095 et
894 3031 952 3094 filii
973 3031 1051 3095 dicti
1067 3031 1221 3094 Willelmi
1240 3053 1316 3095 eon-

366 3135 532 3217 questoris,
548 3135 779 3218 confirmarunt
794 3134 959 3197 monachis
980 3133 1020 3197 de
1042 3133 1230 3217 Spaldingia
1247 3156 1315 3198 ma-

365 3237 492 3301 nerium
515 3237 554 3302 de
578 3237 774 3321 Spaldingia,
794 3258 869 3300 cum
891 3237 1040 3300 omnibus
1064 3236 1260 3319 appendiciis
1283 3247 1315 3300 et

364 3341 568 3423 pertinentiis
597 3340 663 3403 suis
693 3340 946 3423 quibuscunque,
976 3346 1009 3403 et
1038 3339 1148 3404 omnia
1177 3359 1248 3421 quae
1280 3339 1316 3402 in

365 3465 465 3527 regno
480 3445 610 3528 Angliae
625 3451 704 3508 tunc
718 3443 891 3508 habebant.

408 3548 493 3612 Ab.
512 3535 606 3612 1075ss
645 3549 760 3611 Comes
781 3547 1051 3625 Northamtoniae,
1073 3553 1204 3611 sanctus
1226 3548 1315 3610 Wal-

365 3657 467 3728 tevus,
487 3651 572 3734 apud
592 3650 795 3714 Wintoniam
815 3651 1000 3728 decollatur,
1018 3657 1179 3714 asserente
1199 3652 1316 3734 magis-

327 3755 328 3758 ’
366 3763 417 3818 tro
437 3755 628 3834 Lanfranco,
649 3755 883 3840 archiepiscopo
902 3756 1137 3835 cantuariensi,
1156 3779 1231 3820 eum
1250 3758 1315 3821 fac-

366 3857 463 3920 tionis
484 3864 516 3920 et
537 3858 764 3942 conjurationis
783 3880 851 3922 esse
868 3859 1056 3936 immunem,
1072 3865 1105 3921 et
1120 3881 1177 3941 pro
1189 3849 1317 3944 justitia

365 3967 550 4044 martyram.
588 3960 716 4024 Primus
731 3962 924 4045 conjurator,
941 3960 1098 4024 Radulfus
1114 3963 1215 4040 Brito,
1232 3964 1315 4027 exle-

366 4070 469 4147 gatus,
486 4085 592 4128 comes
606 4064 756 4143 Norwici,
773 4065 828 4147 qui
847 4085 934 4128 mare
952 4064 1112 4128 transiens
1134 4064 1169 4127 in
1184 4067 1314 4131 Britan·

365 4167 454 4232 niam
480 4168 522 4233 ad
547 4169 616 4253 ejus
640 4169 769 4232 castella
791 4168 964 4233 fortissima
988 4169 1159 4248 Montfort,
1185 4177 1217 4234 et
1242 4171 1313 4250 alia,

361 4280 517 4356 perpetuo
536 4273 664 4338 secessit
680 4272 783 4336 exilio.
829 4274 975 4356 Rogerus
990 4294 1073 4350 vero,
1089 4293 1195 4336 comes
1212 4271 1311 4337 Hert-
