3226 5100
337 618 395 704 ,da
648 634 847 678 cusourcou
864 634 1000 677 aucun

350 751 521 818 donienses
535 771 610 816 cum
624 751 891 816 Westsaxonibus
905 749 1117 816 Edmundum
1136 747 1172 813 in
1191 770 1302 832 regem

351 855 495 920 elevant:
517 853 661 938 proditor
674 853 812 919 Edricus
831 854 872 918 ad
890 874 975 932 eum,
990 852 1102 917 videns
1117 853 1188 936 ejus
1202 851 1302 916 virtu·

350 964 429 1036 tem,
442 957 550 1022 animo
562 957 693 1042 vulpino
707 958 802 1040 fugit.
834 959 979 1022 luerunt
993 955 1079 1020 inter
1094 955 1306 1020 Edmundum

350 1068 384 1127 ct
410 1061 555 1126 Cnutum
581 1061 659 1126 dirae
687 1067 720 1126 et
749 1061 934 1145 frequentes
960 1059 1212 1142 congressiones,
1236 1057 1302 1122 Ed-

349 1164 472 1230 mundo
491 1170 622 1229 strenue
644 1185 678 1228 se
700 1171 817 1248 agente
837 1184 980 1248 semper:
1003 1162 1220 1246 praevaluisset
1239 1161 1301 1226 ita-

349 1289 413 1350 que
438 1267 612 1343 celerrime,
636 1267 700 1331 nisi
724 1267 793 1332 ficti
817 1273 851 1332 et
876 1265 990 1350 perfidi
1015 1286 1091 1329 eum
1116 1286 1243 1348 semper
1264 1263 1302 1327 in

348 1377 438 1436 arcto
455 1371 680 1450 deseruissent,
696 1391 833 1454 quorum
855 1370 909 1434 ille
930 1368 1067 1434 Edricus
1090 1389 1216 1451 semper
1237 1367 1301 1450 sig-

348 1473 433 1538 nifer
452 1481 486 1539 et
506 1473 630 1559 primus
650 1480 729 1538 erat.
773 1474 919 1539 'landem
935 1473 1119 1536 Cnutonem
1135 1471 1176 1534 ad
1191 1470 1301 1554 singu-

348 1577 416 1642 lare
430 1585 594 1643 certamen
607 1598 792 1662 provocans,
809 1575 1075 1660 compellentibus
1090 1574 1157 1638 suis
1172 1595 1248 1638 cum
1262 1594 1301 1639 eo

348 1701 486 1764 regnum
500 1681 648 1765 partitum,
664 1702 742 1766 pace
756 1681 842 1745 inter
860 1701 913 1745 eos
933 1680 1027 1743 firma
1043 1686 1199 1762 tanquam
1213 1678 1300 1742 inter

348 1782 463 1848 fratres
478 1785 664 1850 constituta.
693 1784 887 1848 Edmundus
902 1782 1014 1848 eodem
1029 1803 1125 1861 anno,
1141 1780 1300 1864 corruptis

347 1907 406 1969 per
420 1885 575 1951 Edricum
590 1887 803 1965 cubiculariis,
818 1886 984 1965 occiditur,
1004 1906 1062 1969 per
1080 1883 1241 1968 pudenda,
1262 1889 1301 1947 ut

349 1989 475 2069 dicitur,
490 1991 673 2070 transfixus,
689 2013 790 2074 quum
808 1996 955 2054 ventrem
974 1993 1138 2072 purgaret,
1157 1987 1245 2051 unde
1265 1992 1299 2051 et

348 2091 476 2156 Cnutus
499 2114 575 2157 eum
599 2094 791 2158 lamentasse
817 2093 941 2157 dicitur.
987 2091 1078 2157 Obiit
1102 2091 1298 2156 Benedictus

347 2215 439 2277 papa,
455 2194 507 2259 cui
521 2195 672 2261 successit
687 2196 853 2260 lohannes
867 2195 942 2260 XX.

390 2298 476 2362 A.D.
503 2300 598 2364 1017.
640 2299 767 2363 Cnutus
792 2299 914 2383 primus
939 2298 980 2363 de
1005 2303 1103 2381 gente
1129 2297 1298 2361 Danorum

346 2420 404 2464 rex
424 2401 554 2484 Angliae
576 2401 783 2481 constitutus,
805 2422 876 2466 eam
897 2401 934 2466 in
956 2407 1095 2485 quatuor
1116 2398 1298 2482 toparchias

348 2501 480 2568 dividit:
512 2503 573 2568 sibi
596 2504 864 2584 Westsaxoniam,
891 2504 1036 2568 'Purkillo
1061 2501 1296 2579 Estsaxoniam‚

346 2604 465 2672 Edrico
480 2604 647 2687 Marciam,
659 2608 743 2674 Yrco
757 2606 1028 2672 Northumbriam
1042 2605 1189 2670 dimittit.
1221 2603 1297 2683 Hic,

349 2708 482 2774 consilio
496 2709 614 2791 Edrici
635 2711 732 2794 regiae
750 2710 905 2795 prosapiae
923 2710 1044 2774 multos
1063 2707 1189 2786 occidit,
1208 2707 1297 2772 unde

346 2816 381 2875 et
403 2811 483 2876 duos
501 2813 668 2878 Edmundi
689 2814 780 2894 filios,
800 2812 1011 2878 Edmundum
1034 2811 1154 2875 scilicet
1175 2816 1208 2874 et
1230 2809 1297 2874 Ed·

346 2915 500 2996 wardnm,
530 2917 699 2982 Danorum
726 2918 796 3000 regi
824 2916 986 2982 necandos
1015 2913 1208 2992 destinavit3
1239 2913 1296 2996 qui

345 3039 461 3101 pueros
481 3018 652 3085 miseratus
673 3021 847 3104 elegantes,
868 3021 939 3103 regi
961 3017 1205 3100 Hungariorum
1226 3037 1296 3080 eos·

346 3121 420 3186 dem
440 3122 623 3188 educandos
641 3124 834 3190 transmittit
842 3149 852 3202 ς
874 3123 932 3187 ubi
948 3120 1124 3186 Edmundo
1140 3119 1295 3183 defimcto

345 3225 523 3290 Edwardus
535 3226 700 3310 agatham
716 3227 851 3292 Henrioi
866 3224 1068 3310 imperatoris
1081 3222 1295 3307 propinquam

346 3327 447 3408 duxit,
469 3350 509 3394 ex
528 3351 592 3414 qua
610 3336 756 3394 sanctam
775 3331 996 3413 Margaretam
1017 3333 1127 3411 postea
1148 3325 1294 3408 reginam

347 3430 517 3496 Scotorum
532 3454 606 3497 cum
621 3433 691 3497 aliis
707 3433 829 3517 genuit.
879 3431 1016 3508 cautus,
1032 3428 1074 3494 ad
1088 3426 1294 3492 alliciendum

345 3534 468 3600 animos
487 3535 678 3620 Anglorum,
693 3537 844 3601 Emmam
863 3532 1031 3600 Ethelredi
1051 3531 1136 3614 regis
1158 3530 1219 3595 sibi
1241 3552 1294 3596 co-

343 3638 445 3720 pulat.
488 3639 625 3704 Edricus
639 3640 789 3723 perfidus,
803 3660 905 3723 quum
920 3636 1065 3702 Cnutoni
1083 3636 1293 3718 improperas·

344 3745 403 3818 set,
424 3741 515 3825 quasi
533 3764 591 3825 pro
609 3742 789 3822 benefitiis,-
803 3741 888 3826 quod
907 3739 1119 3805 Ethelredum
1138 3737 1293 3821 prodidis-

344 3848 403 3921 set,
422 3843 633 3909 Edmundum
653 3845 857 3928 peremisset3
879 3865 935 3909 ore
953 3842 1081 3927 proprio
1102 3840 1293 3926 proditionis

343 3967 417 4012 reus
437 3948 550 4028 factus,
571 3955 604 4013 et
622 3955 760 4013 mortem
780 3957 813 4014 et
832 3954 943 4013 notam
957 3947 1128 4031 proditoris
1150 3944 1291 4029 accepit:

342 4050 457 4134 laqueo
477 4051 564 4116 enim
584 4052 768 4130 suffocatus,
789 4052 824 4115 in
843 4053 1034 4118 Tamensem
1048 4048 1182 4113 fluvium
1196 4047 1292 4131 proji-

342 4154 436 4220 citur.
482 4155 647 4221 ‘Cnutum
661 4156 806 4220 fecerunt
821 4156 926 4220 aliena
939 4153 1081 4239 pericula
1094 4150 1247 4217 cautum!

385 4259 471 4325 Α.1).
503 4263 598 4326 1018.
647 4260 822 4344 Octoginta
851 4267 884 4324 et
914 4259 978 4324 duo
1007 4255 1108 4322 millia
1136 4254 1292 4320 librarum
