3212 5102
412 586 477 648 116
709 605 908 648 canonicor
929 605 1064 648 aucerre

407 729 439 786 et
469 742 580 785 omnes
609 742 753 804 personae
782 722 1003 787 ecclesiasticae
1030 721 1247 786 disseisantur.
1294 722 1365 786 Rex

407 825 551 888 Franciae
580 825 666 908 capit
694 825 831 889 barones
861 826 1031 890 Flandriae.
1086 825 1212 908 Regina
1236 825 1365 907 Angliae

407 928 531 1010 peperit
550 927 664 1005 filium,
679 929 811 992 nomine
832 928 1017 1008 Ricardum,
1033 934 1144 1012 postea
1163 949 1273 1010 regem
1287 928 1365 991 Ale-

406 1028 557 1094 manniae.

450 1133 647 1197 A.D.1209.
692 1133 919 1197 Cistercienses
943 1134 1097 1198 mandato
1122 1133 1243 1198 domini
1273 1154 1364 1217 papae

406 1234 617 1299 interdictum
643 1236 821 1300 observant
869 1235 1034 1300 lohannes
1063 1258 1129 1311 rex,
1155 1243 1227 1320 post
1255 1236 1389 1318 plures¹

406 1337 651 1416 admonitiones,
675 1337 808 1402 tandem
832 1338 1030 1403 anathemati
1056 1339 1225 1422 subjicitur
1236 1365 1245 1416 3
1275 1338 1364 1401 unde

408 1441 561 1524 episcopis
584 1441 733 1505 omnibus
748 1439 815 1505 fere
840 1440 1054 1519 exulantibus,
1069 1448 1186 1524 praeter
1200 1441 1364 1506 Wintoni-

408 1564 528 1622 ensem,
556 1544 610 1627 qui
634 1544 766 1626 negotia
788 1544 873 1626 regis
901 1544 1135 1608 instantissime
1161 1544 1362 1628 procurabat,

407 1646 466 1708 viri
484 1647 688 1711 ecclesiastici
707 1668 803 1730 supra
821 1645 954 1710 modum
974 1655 1140 1711 vexantur.
1185 1646 1363 1711 Monacho·

407 1771 481 1812 rum
496 1751 662 1832 nigrorum
675 1750 889 1833 possessiones
904 1751 1132 1815 confiscantur.
1164 1751 1290 1830 Clerici,
1304 1752 1363 1814 lai-

407 1873 518 1916 corum
529 1875 626 1931 more,
637 1854 784 1917 crucibus
796 1874 832 1916 ac
844 1853 958 1936 gladiis
969 1854 1235 1918 condemnantur.
1252 1854 1363 1918 Eccle-

407 1955 461 2018 siis
473 1954 605 2020 tandem
616 1956 878 2039 proventualibus
889 1978 946 2040 per
961 1957 1115 2038 Angliam
1126 1957 1290 2020 indultum
1302 1963 1361 2037 est,

407 2059 506 2122 semel
517 2060 552 2122 in
563 2059 763 2123 hebdomada
774 2059 957 2123 celebrandi
972 2059 1088 2138 divina,
1101 2060 1237 2124 exclusis
1252 2068 1363 2124 tamen

407 2161 611 2239 secularibus,
627 2183 766 2245 voceque
790 2162 956 2226 submissa.
1004 2163 1091 2226 Otho
1110 2164 1222 2227 Romae
1241 2185 1261 2227 a
1279 2185 1363 2247 papa

406 2264 598 2329 Innocentio
617 2266 652 2328 in
671 2266 897 2349 imperatorem
915 2266 1091 2330 solenniter
1105 2267 1308 2330 sublimatur.

449 2367 534 2430 A.D.
560 2370 654 2431 1210.
710 2368 875 2432 Johannes
904 2389 970 2445 rex,
997 2374 1193 2450 congregato
1219 2369 1362 2432 exercitu

405 2490 534 2552 magno,
557 2470 747 2534 Hiberniam
771 2472 862 2554 petit,
882 2471 1046 2555 captisque
1068 2472 1215 2549 castellis,
1231 2478 1265 2535 et
1288 2471 1360 2534 Hu-

406 2592 490 2653 gone
509 2572 549 2636 de
565 2572 678 2656 Lascy,
695 2574 750 2656 qui
770 2595 889 2656 magna
910 2581 1002 2657 parte
1019 2574 1187 2638 Hiberniae
1206 2580 1362 2657 occupata

405 2670 617 2758 rebellaturus
645 2673 830 2755 putabatur,
859 2673 982 2757 fugato,
1011 2680 1125 2758 pacata
1153 2680 1240 2738 terra
1264 2674 1359 2738 redit.

404 2774 621 2838 Wallensibus
639 2775 738 2839 etiam
758 2777 1044 2855 tumultuantibus,
1061 2777 1217 2840 Willelmi
1236 2778 1361 2841 Brause

404 2896 503 2939 uxore
519 2883 551 2940 et
572 2876 646 2940 filiis
668 2877 753 2940 fame
771 2878 903 2956 necatis,
920 2878 1008 2943 siluit
1023 2888 1110 2943 terra
1128 2881 1164 2942 in
1186 2888 1361 2964 conspectu

400 2979 483 3061 ejus.
529 2980 571 3042 In
600 2980 708 3043 reditu
736 2981 798 3044 isto
824 2982 1052 3045 cistercienses
1080 2983 1117 3045 in
1145 2983 1256 3047 multis
1282 2983 1360 3047 locis

402 3103 504 3165 usque
519 3083 560 3146 ad
575 3090 667 3148 nates
682 3084 899 3148 denudantur.
934 3085 1113 3167 Imperium
1129 3085 1359 3158 Constantino·

403 3186 593 3268 politanum,
609 3187 712 3251 occiso
727 3187 843 3251 comite
864 3187 967 3251 sancti
987 3188 1081 3250 Pauli
1100 3188 1241 3252 secundo
1258 3189 1359 3272 impe-

401 3297 507 3354 ratore
532 3290 733 3368 Latinorum,
760 3299 889 3374 propter
918 3291 1044 3354 crebras
1073 3291 1269 3361 mutationes
1292 3293 1359 3356 fere

401 3395 650 3457 exterminatum
672 3401 731 3457 est.
778 3394 890 3458 Gravis
910 3392 1067 3456 discordia
1085 3394 1172 3457 inter
1185 3417 1301 3478 papam
1323 3401 1357 3460 et

401 3498 627 3581 imperatorem
664 3498 838 3561 Othonem.
897 3497 1067 3576 Achariur,
1108 3497 1208 3562 abbas
1244 3500 1357 3592 Burgi,

402 3601 483 3665 obiit
491 3626 502 3679 3
525 3602 577 3665 cui
592 3602 743 3665 successit
759 3600 919 3665 Robertus
935 3601 975 3664 de
990 3601 1162 3684 Lindesey.

445 3704 530 3767 A.D.
557 3705 651 3767 1211.
697 3702 862 3766 ‚Iohannes
886 3723 942 3766 rex
964 3702 1092 3784 Angliae
1116 3709 1229 3766 contra
1250 3703 1358 3767 Ireuli-

401 3826 482 3868 num
497 3805 532 3867 in
547 3804 666 3867 Wallia
681 3804 853 3867 exercitum
869 3805 1000 3883 ducens,
1016 3804 1168 3869 citissime
1178 3805 1296 3883 rediit3
1319 3827 1358 3870 eo

402 3908 489 3992 quod
515 3907 704 3983 Wallenses,
728 3907 903 3970 adventum
932 3908 1001 3990 ejus
1030 3914 1223 3986 metuentes,
1247 3909 1359 3972 omnia

402 4011 591 4076 exterminio
621 4009 845 4073 tradidissent:
884 4009 940 4072 sed
969 4030 1035 4088 rex,
1058 4011 1091 4073 in
1123 4032 1243 4093 magna
1267 4013 1358 4095 copia

401 4115 590 4201 victualibus
627 4114 828 4197 comparatis,
863 4113 904 4178 ad
933 4112 1083 4176 Walliam
1116 4135 1260 4177 reversus
1297 4120 1357 4192 est,

400 4218 609 4304 hostibusque
640 4217 681 4281 ad
710 4216 906 4281 deditionem
935 4216 1116 4299 compulsis,
1147 4236 1222 4279 cum
1256 4216 1358 4298 gloria
