3216 5104
661 628 948 672 aurursusossss.
1217 613 1279 674 123

371 744 568 808 A.D.1220.
607 743 701 807 circa
722 742 862 830 mediam
885 742 1171 827 Quadregesimam
1194 746 1278 808 Pan-

330 847 438 910 dulfus
461 846 588 928 legatus
613 847 797 911 convocavit
821 847 993 914 concilium
1015 853 1085 911 tam
1110 869 1279 930 procerum

328 974 425 1036 quam
445 953 659 1035 praelatorum,
674 957 806 1035 propter
826 951 972 1034 quaedam
991 952 1123 1035 negotia
1141 953 1226 1036 regis
1246 960 1279 1017 et

327 1055 420 1137 regni
428 1079 439 1133 3
461 1054 519 1118 ubi
535 1053 701 1118 lohannes
717 1054 814 1117 abbas
830 1054 870 1117 de
885 1054 1043 1119 Fontibus
1062 1054 1097 1118 in
1116 1055 1278 1119 Eliensem

327 1159 511 1241 episcopum
533 1163 582 1220 est
604 1164 816 1234 consecratus,
838 1163 871 1221 et
892 1157 928 1220 in
950 1158 1201 1222 annunciatione
1223 1159 1278 1224 do-

327 1260 447 1324 minica
460 1261 494 1323 in
511 1260 585 1323 sede
600 1281 659 1323 sua
672 1259 846 1324 honorifice
859 1267 1016 1343 receptur.
1058 1262 1136 1325 Post
1151 1268 1279 1326 octavas

327 1362 458 1427 Paschae
472 1363 591 1427 iterum
606 1362 787 1427 Londoniae
805 1384 950 1446 proceres
970 1369 1003 1426 et
1023 1363 1146 1447 praelati
1164 1385 1277 1429 convo-

327 1472 461 1544 cantur;
483 1466 541 1530 ubi
566 1466 727 1529 Robertus
750 1465 911 1550 quondam
935 1465 1033 1530 abbas
1055 1467 1095 1530 de
1118 1466 1277 1551 Th0mey,

329 1576 459 1653 propter
485 1569 640 1653 quosdam
666 1589 811 1633 excessus
839 1569 1011 1652 depositus,
1037 1570 1076 1633 de
1100 1572 1204 1633 Roma
1225 1593 1277 1635 ve-

329 1673 432 1748 niens,
448 1673 557 1737 literas
573 1673 696 1736 domini
717 1693 808 1757 papae
828 1694 935 1736 secum
951 1673 1088 1752 detulit3
1111 1674 1146 1736 in
1162 1673 1277 1757 quibus

326 1776 412 1840 idem
438 1799 522 1861 papa
546 1775 711 1840 mandavit
737 1777 897 1841 Pandulfo
922 1777 1029 1859 legato
1055 1783 1088 1841 et
1113 1776 1278 1861 Stephano

329 1880 555 1943 cantuariensi
577 1879 822 1963 archiepiscopo,
845 1886 1004 1963 quatenus
1026 1901 1081 1944 rex
1105 1879 1276 1959 Henricus,

326 1985 410 2067 regis
426 1985 584 2049 Johannis
602 1985 697 2063 filius,
718 1985 753 2048 in
772 2007 882 2068 regem
902 1985 1138 2064 sublimaretur,
1159 1986 1278 2050 iterum

327 2088 538 2167 coronandus,
562 2109 600 2153 eo
623 2088 709 2172 quod
732 2089 836 2172 prima
859 2090 928 2171 ejus
951 2088 1125 2168 coronatio,
1147 2097 1280 2173 propter

275 2240 277 2244 .
326 2191 419 2275 regni
447 2191 676 2270 turbationem,
704 2193 811 2255 minus
837 2192 1014 2256 solenniter
1043 2214 1139 2276 quam
1170 2192 1278 2257 decuit

326 2294 413 2359 facta
435 2295 543 2360 fuerit.
589 2295 793 2379 Quapropter
817 2295 892 2378 quia
917 2295 1099 2379 Stephanus
1122 2297 1277 2380 archiepi-

327 2419 441 2482 scopus
462 2420 581 2481 regcm,
605 2405 734 2482 propter
758 2399 827 2481 ejus
850 2398 1082 2478 innocentiam,
1104 2400 1277 2464 tenerrime

326 2501 490 2584 diligebat,
521 2523 560 2566 ex
589 2502 650 2566 hoc
681 2501 835 2566 mandato
866 2502 1042 2585 plurimum
1071 2501 1276 2582 exhilaratus,

325 2605 506 2669 convocatis
528 2605 670 2669 ecclesia
687 2605 828 2688 praelatis
848 2611 881 2668 et
900 2605 994 2688 regni
1011 2605 1214 2690 primoribus,
1232 2607 1277 2670 le-

325 2708 395 2790 gati
418 2708 559 2788 consilio,
586 2708 763 2773 Londoniae
786 2707 837 2772 die
863 2709 1070 2772 Pentecosten
1096 2709 1137 2773 ab
1164 2709 1276 2774 eodem

326 2811 503 2876 solenniter
521 2817 571 2874 est
589 2811 754 2890 inunctus,
771 2818 803 2876 et
823 2811 859 2875 in
878 2832 988 2894 regern
1003 2813 1108 2875 saneti
1126 2811 1276 2875 Edwardi

325 2914 426 2997 regali
440 2913 621 2978 diademate
636 2913 838 2993 sublimatus,
851 2936 937 2978 anno
950 2914 1048 2978 tertio
1062 2915 1187 2979 decimo
1200 2922 1276 2979 aete·

324 3018 367 3082 tis
383 3039 447 3082 suec
461 3017 607 3082 nondum
622 3018 766 3101 expleto:
790 3018 964 3103 sedatoque
978 3019 1117 3100 quodam
1132 3018 1276 3081 tumultu

324 3121 481 3185 Willelmi
500 3121 624 3186 comitis
645 3121 685 3186 de
704 3121 908 3199 Albamarle3
931 3127 1099 3205 postquam
1116 3121 1276 3185 Ranulfus

326 3245 432 3290 comes
454 3225 586 3290 cestriae
608 3232 641 3289 et
663 3225 714 3288 sui
735 3225 908 3303 redierant,
924 3224 1084 3288 celebrata
1103 3231 1152 3287 est
1170 3231 1275 3288 trans-

325 3329 403 3393 latio
421 3329 524 3392 sancti
538 3329 670 3392 Thomae
685 3328 912 3411 archiepiscopi
928 3326 1179 3405 cantuariensis,
1194 3349 1275 3410 prae-

326 3431 470 3495 sentibus
489 3431 558 3515 ipso
577 3453 653 3514 rege
670 3430 822 3508 Henrico,
837 3436 871 3493 et
891 3421 1052 3495 Pandulfo
1068 3430 1185 3512 legato,
1201 3451 1275 3494 cum

324 3533 429 3598 tribus
451 3535 703 3619 archiepiscopis,
726 3534 747 3599 i.
764 3555 792 3599 e.
808 3534 970 3613 ilamensi,
987 3533 1222 3611 Cantuariensi,
1243 3540 1276 3597 et

327 3637 553 3720 Stringonensi
582 3639 623 3702 de
653 3637 833 3720 Hungaria,
864 3635 1081 3721 septendecim
1110 3637 1275 3721 episcopis,

325 3740 476 3822 praelatis,
491 3747 524 3804 et
544 3741 750 3824 magnatibus
769 3739 925 3824 plurimis,
942 3740 982 3803 de
1001 3745 1073 3803 tota
1087 3740 1274 3804 Christiani·

325 3849 394 3907 tate
413 3843 624 3926 congregatis,
646 3850 679 3908 et
698 3842 792 3926 plebe
810 3841 1048 3921 innumerabili,
1064 3864 1084 3906 a
1102 3843 1276 3908 venerabili

326 3944 561 4029 archiepiscopo
599 3944 839 4023 cantuariensi,
877 3945 1007 4024 scilicet,
1044 3966 1147 4010 nonas
1184 3947 1274 4024 Julii,

325 4069 412 4112 anno
437 4049 593 4131 passionis
618 4069 684 4112 suae
710 4048 983 4131 quinquagesimo,
1007 4046 1210 4112 venientibus
1234 4048 1276 4110 ad

324 4151 579 4230 translationem,
594 4151 644 4214 vel
657 4151 743 4214 infra
757 4150 941 4234 quindecim
957 4150 1023 4214 dies
1038 4149 1273 4228 accedentibus,

324 4252 413 4316 mille
425 4252 594 4336 quingenti
608 4258 642 4316 et
657 4252 870 4336 quadraginta
884 4252 961 4331 dies,
977 4252 1017 4315 ab
1032 4251 1274 4336 archiepiscopis
