3218 5098
374 1279 776 1388 CHRONIOON
825 1282 1108 1388 ANGLIAE

388 1591 392 1601 ·
529 1545 951 1618 PETRIBURGENSE

448 1793 493 1839 AB
507 1792 599 1840 ANNO
614 1793 644 1839 D.
659 1793 704 1840 654
714 1791 822 1848 USQUE
836 1790 882 1837 AD
896 1790 956 1837 ab.
973 1790 1038 1835 1368.

309 1944 394 2008 ab.
418 1943 551 2008 Domini
563 1931 640 2006 Ι666
660 1943 833 2008 fundatum
855 1948 904 2007 est
926 1941 1158 2007 monasterium
1179 1943 1220 2008 de

267 2046 378 2130 Burgo
399 2047 431 2110 S.
445 2047 544 2126 Petri,
561 2069 580 2110 a
595 2047 703 2111 Peada
723 2067 800 2130 rege
819 2047 1034 2111 Meroiorum:
1060 2046 1219 2112 Saxwulfo

266 2149 384 2212 comite
399 2150 484 2213 facto
500 2151 569 2234 ejus
585 2149 701 2214 abbate
717 2151 831 2234 primo

308 2253 392 2316 A.D.
416 2253 491 2317 655.
537 2253 662 2318 Oswius
687 2275 753 2332 rex,
775 2253 899 2318 devicto
924 2274 1001 2336 rege
1021 2253 1220 2318 Marciorum

266 2355 386 2434 Penda,
403 2357 543 2421 Meroios
559 2357 600 2421 ad
615 2356 781 2421 Christum
796 2357 938 2421 converti
953 2358 1039 2435 fecit,
1052 2363 1084 2420 et
1099 2356 1219 2441 episco-

265 2481 343 2542 pum
358 2459 398 2524 de
415 2461 586 2525 Scotorum
602 2468 699 2545 gente
713 2461 777 2524 illis
792 2461 970 2525 constituit.

278 2641 279 2644 Ἴ
308 2563 392 2626 A.D.
409 2565 482 2627 656.
529 2564 637 2629 Peada
654 2571 792 2643 mortuo,
811 2586 867 2628 rex
883 2563 1050 2628 Wuiferus
1073 2563 1219 2647 regnavit

267 2686 362 2749 super
377 2666 516 2731 Marcios
525 2693 534 2746 3
558 2675 591 2731 et
607 2674 675 2731 erat
692 2667 852 2732 bissextus
868 2667 908 2731 de
924 2666 949 2731 C
965 2667 1059 2731 litera
1081 2667 1219 2731 domini-

266 2768 327 2832 cali
342 2768 384 2833 ad
399 2769 437 2847 B,
452 2770 513 2834 hoo
529 2793 626 2834 anno.

309 2873 395 2936 A.D.
412 2874 486 2937 658.
533 2874 634 2939 Hilda
656 2873 818 2940 abbatissa
838 2873 924 2958 apud
945 2873 1150 2940 Streneshale
1168 2893 1218 2938 oe·

265 2973 362 3039 lebris
377 2976 525 3040 habetur.

308 3078 393 3143 A.D.
411 3080 485 3144 660.
530 3081 694 3164 Egfiidus,
716 3081 801 3145 filius
823 3080 921 3145 Oswii
941 3080 1028 3164 regis
1051 3080 1219 3145 Northan·

265 3181 487 3260 humbromm,
514 3182 605 3247 duxit
630 3184 666 3248 in
694 3205 828 3248 uxorem
853 3183 1094 3262 Etheldredam‚
1119 3184 1220 3247 filiam

265 3285 381 3364 Annae,
397 3286 481 3368 regis
497 3287 712 3351 Orientalium
726 3288 918 3370 Anglorum.
962 3285 1220 3368 wandregisilus

266 3387 364 3453 abbas
379 3389 587 3454 Fontanellae.
633 3390 820 3466 Clodoveus,
837 3389 922 3453 filius
937 3388 1127 3471 Dagoberti‚
1139 3389 1220 3452 duos

265 3491 347 3554 filios
374 3493 515 3576 reliquit,
541 3493 759 3558 Childerioum
787 3492 823 3556 in
849 3491 992 3571 Austria,
1018 3492 1219 3556 Olotharium

265 3616 340 3659 vero
367 3596 403 3658 in
432 3597 598 3662 Neustria.
643 3598 736 3661 Inter
767 3597 920 3660 Rhenum
950 3605 982 3660 et
1012 3596 1141 3660 Mosam
1171 3603 1220 3661 est

265 3699 407 3777 Austris,
430 3706 463 3764 et
487 3701 575 3765 inter
598 3701 727 3764 Mosam
754 3706 787 3764 et
809 3700 952 3783 Ligerim
978 3708 1027 3764 est
1052 3700 1218 3781 Neustria,

265 3801 286 3865 i.
304 3823 331 3866 e.
348 3802 442 3867 Nova
456 3804 598 3882 Austria,
615 3823 686 3886 quae
700 3824 788 3867 nunc
804 3803 939 3867 Francia
953 3804 1149 3868 nominatur.

308 3907 394 3970 A.D.
417 3908 493 3970 663.
539 3907 773 3972 Constantinus
796 3907 972 3990 imperator
996 3907 1036 3971 de
1058 3907 1218 3972 Constan-
1244 3983 1246 3988 Ι

264 4009 400 4092 tinopoli
426 4012 564 4074 Romam
587 4012 727 4090 veniens,
753 4032 889 4076 munera
914 4012 1054 4096 pretiosa
1079 4010 1220 4076 eoolesiae

266 4111 300 4175 S.
316 4113 406 4175 Petri
420 4112 548 4178 obtulit.

307 4213 393 4278 A.D.
410 4217 485 4280 664.
509 4216 596 4281 Lues
611 4237 740 4300 magna.
772 4218 843 4282 Rex
859 4216 1100 4294 Ercombertus‚
1116 4216 1220 4280 Deus-

265 4317 354 4382 dedit
374 4320 640 4406 archiepiscopus,
663 4321 865 4404 Ethelburga
889 4320 1059 4400 abbatissa,
1081 4319 1220 4384 Boisilus

731 4445 751 4486 a
