3226 5100
617 623 907 666 rrrnrnuacnnsn.
1195 606 1237 668 63

280 748 314 806 et
333 747 464 824 portum
479 738 639 820 Bioinum,
655 746 688 804 ct
708 739 860 823 oppidum
884 737 970 823 quod
984 739 1171 806 Albamarla
1185 761 1238 804 vo

279 851 380 923 catur,
404 841 533 906 solertia
554 863 613 906 sua
638 842 818 925 adquisivit,
840 843 978 925 pecunia
999 842 1147 907 custodes
1169 863 1238 907 cor·

278 967 451 1030 rumpens:
475 967 535 1009 nec
553 945 615 1008 fuit
636 945 746 1010 comiti
767 945 904 1024 animus,
920 952 958 1009 ut
978 947 1158 1025 resisteret,
1182 946 1239 1010 sed

278 1051 410 1115 domino
426 1069 483 1112 suo
506 1049 575 1131 regi
598 1049 742 1112 Franciae
761 1069 970 1132 conquerens,
992 1050 1146 1112 auxilium
1169 1050 1238 1134 ejus

278 1155 381 1237 petiit,
398 1152 454 1236 qui
475 1152 619 1234 primum
639 1152 778 1235 plurima
801 1152 971 1235 spondens,
988 1153 1045 1217 sed
1066 1153 1238 1218 accedente

278 1258 363 1341 regis
378 1256 525 1339 pecunia,
540 1255 695 1333 resiliens,
711 1255 863 1320 comitem
876 1256 1017 1339 reliquit.

321 1361 363 1423 In
378 1360 439 1422 hoc
458 1364 603 1441 tempore
618 1358 769 1440 Ingulfus
785 1357 883 1421 abbas
899 1358 1102 1442 Croylandiae
1124 1379 1238 1443 corpus

279 1462 382 1527 sancti
396 1461 536 1525 Waltevi
551 1461 665 1524 statuit
686 1460 726 1525 de
741 1461 880 1545 capitulo
895 1462 930 1525 in
948 1462 1113 1526 ecclesiam
1132 1469 1237 1526 trans-

277 1564 370 1644 ferre,
387 1570 419 1629 et
440 1585 567 1647 aquam,
588 1563 676 1627 uude
698 1585 771 1628 ossa
789 1565 984 1643 lavarentur,
1004 1565 1158 1644 calefieri;
1182 1565 1238 1630 sed

276 1674 447 1750 postquam
462 1667 582 1730 tumuli
597 1667 832 1750 coopertorium
852 1667 1033 1731 revolutum
1049 1673 1107 1745 est,
1124 1688 1238 1750 corpus

278 1769 401 1834 decimo
424 1777 514 1834 sexto
537 1789 623 1833 anno
646 1791 711 1833 snae
735 1768 935 1832 dormitionis
956 1769 1131 1851 integrum,
1154 1769 1238 1832 sicut

277 1871 313 1934 in
329 1872 380 1936 die
395 1893 458 1954 quo
477 1871 699 1955 sepeliebatur,
716 1877 748 1934 et
771 1877 868 1954 caput
888 1871 1012 1954 corpori
1027 1872 1238 1955 conjunctum

277 1970 436 2058 reperitur
444 2002 454 2054 3
477 1968 704 2039 tantummodo
726 1975 817 2058 qnasi
830 1975 923 2037 filum
942 1975 1026 2039 circa
1046 1975 1165 2039 collum
1179 1993 1237 2058 pro

276 2080 369 2162 signo
392 2079 611 2143 decollationis
633 2078 851 2142 rubicundum
872 2078 1029 2161 apparuit.
1076 2079 1149 2142 Hoc
1168 2098 1236 2142 om·

277 2182 383 2261 nibus,
414 2189 480 2245 tam
509 2182 674 2246 monachis
699 2203 796 2265 quam
822 2181 1028 2260 secularibus,
1052 2181 1156 2245 visum
1179 2194 1236 2261 est,

279 2284 334 2368 qni
357 2284 500 2348 aderant.
546 2285 714 2348 'lbanslato
740 2304 817 2366 ergo
843 2305 974 2368 corpore
999 2284 1034 2347 in
1061 2284 1236 2362 ecclesiam,

277 2394 310 2451 et
332 2387 429 2471 juxta
452 2388 552 2451 altare
575 2389 746 2465 tumulato,
772 2387 926 2451 miracula
954 2387 1025 2450 fieri
1049 2389 1163 2470 saepius
1187 2388 1235 2451 in·

278 2498 442 2573 ceperunt.

319 2594 404 2658 Aa).
423 2596 518 2658 1091.
563 2594 631 2657 Pax
645 2593 730 2658 facta
745 2599 794 2657 est
808 2593 895 2657 inter
912 2613 1021 2676 regem
1035 2592 1237 2658 Willelmum

283 2699 330 2782 [et
353 2697 503 2762 comitem
534 2697 727 2781 Robertum]
758 2697 816 2761 tali
842 2697 1035 2776 conditione,
1062 2704 1100 2760 ut
1127 2698 1237 2762 comiti

276 2822 332 2864 rex
347 2802 572 2865 Cenomannes
596 2801 789 2888 adquireret,
805 2823 911 2865 comes
926 2801 994 2883 regi
1010 2801 1148 2880 castella,
1166 2823 1236 2885 quae

276 2904 425 2984 habebat,
450 2911 483 2968 et
512 2906 696 2969 coenobium
722 2905 905 2984 Fiscanum,
931 2905 1129 2969 concederet.
1182 2905 1237 2969 Ad

276 3008 345 3071 haeo
367 3009 526 3092 explenda
544 3031 601 3072 rex
623 3009 702 3072 adiit
720 3009 967 3086 Normanniam,
987 3016 1025 3072 ut
1042 3008 1143 3071 unitis
1162 3009 1235 3071 viri-

276 3109 337 3174 bus
357 3110 451 3175 ambo
472 3112 726 3175 Cenomanniam
750 3111 1018 3194 aggrederentur:
1041 3111 1128 3174 unde
1144 3110 1235 3175 Hen-

275 3213 361 3277 ricus
390 3215 490 3279 frater
520 3235 632 3278 eorum
663 3214 765 3277 iratus
795 3223 908 3276 contra
936 3219 1120 3296 utrumque,
1152 3213 1237 3296 quod

276 3323 426 3399 paternas
455 3318 672 3400 possessiones
701 3315 880 3379 dividentes
909 3316 1015 3398 ipsum
1044 3316 1133 3398 parvi
1158 3336 1235 3398 pen-

277 3420 400 3496 derent,
417 3420 568 3483 Montem
592 3418 696 3482 sancti
711 3417 880 3482 Michaelis
903 3425 1047 3500 occupat,
1063 3424 1097 3481 et
1117 3417 1235 3482 crebris·

277 3521 462 3585 excursibus
481 3521 620 3584 fratrum
642 3520 799 3584 exercitus
826 3541 957 3584 suorum
981 3520 1159 3584 contristat.
1203 3521 1236 3585 A

278 3624 417 3708 quodam
436 3624 540 3688 milite
556 3623 691 3688 Henrici
710 3622 756 3687 ibi
776 3645 832 3687 rex
852 3621 892 3687 de
912 3643 994 3706 equo
1010 3622 1153 3708 dejectus
1176 3629 1234 3703 est,

277 3734 310 3792 et
321 3728 388 3791 fere
402 3727 610 3806 interfectum
626 3726 791 3791 nesciente
806 3727 918 3805 milite,
935 3747 1099 3810 quousque
1115 3727 1235 3791 diceret

277 3852 311 3895 se
326 3852 393 3894 esse
408 3850 527 3914 regern,
544 3831 630 3914 quod
643 3851 701 3895 rex
715 3837 807 3894 esset.
854 3831 952 3894 Mons
967 3849 1044 3913 ergo
1059 3829 1233 3909 obsidetur,

276 3942 315 3999 ut
337 3935 470 3999 tandem
494 3957 578 4019 aqua
598 3935 721 4000 deesset
745 3934 899 4013 obsessis3
922 3934 1073 4017 misitque
1099 3933 1234 3998 nuncios

278 4039 442 4123 Henricus
468 4038 586 4117 comiti,
612 4039 668 4123 qui
693 4060 768 4103 eum
792 4038 831 4102 de
856 4037 910 4102 siti
934 4059 992 4101 sua
1015 4036 1233 4114 convenirent,

277 4141 363 4222 quod
384 4163 501 4225 aquam
527 4141 619 4204 fratri
641 4148 823 4224 negassent,
849 4161 920 4224 quae
944 4148 1027 4204 esset
1053 4139 1233 4204 communis

276 4243 426 4307 omnibns
447 4241 646 4307 mortalibus.
692 4244 782 4306 Tunc
803 4263 908 4306 comes
932 4242 1113 4319 miseratus,¹
1130 4241 1234 4304 laxius
