3218 5098
378 636 399 696 8
682 657 878 701 onnouroou
896 657 1032 700 aucmn

420 771 506 837 AD.
525 773 598 838 762.
623 772 781 857 Pippinus
796 773 926 837 Italiam
945 773 1058 852 intrat,
1073 773 1329 838 bellumcontra

377 876 577 958 Astulphum
593 877 671 960 agit,
688 884 720 941 et
736 878 899 961 subjugat.

422 979 507 1043 A.D.
534 967 607 1046 763.
660 981 817 1064 Pippinus
843 980 1042 1064 Astulphum
1068 981 1154 1064 apud
1180 981 1331 1045 Ticinum

376 1082 513 1162 obsidet,
523 1083 720 1178 redditisque
735 1084 874 1149 castellis
890 1106 926 1148 ac
942 1085 1075 1168 oppidis,
1089 1107 1159 1168 quae
1175 1085 1330 1149 Romanis

376 1187 564 1266 abstulerat,
591 1187 718 1252 obsides
744 1209 819 1252 cum
845 1195 1046 1252 sacramento
1069 1210 1136 1252 non
1162 1189 1330 1272 repetendi

377 1291 476 1355 etiam
500 1291 617 1356 reddit.
662 1291 852 1376 Bregwinus
879 1291 1133 1375 archiepiscopus
1158 1292 1327 1357 Cantuari·

376 1394 463 1457 ensis
488 1393 586 1458 obiit:
619 1393 772 1459 successit
796 1393 984 1458 lambertus
1011 1394 1109 1459 abbas
1131 1395 1238 1460 sancti
1261 1396 1331 1460 Au-

376 1494 509 1579 gustini.

417 1598 502 1663 A.D.
521 1598 594 1665 766.
625 1597 807 1663 Translatio
829 1605 1014 1664 sanctorum
1039 1599 1196 1682 Gorgonii
1216 1607 1248 1665 et
1267 1601 1330 1665 Ni·
1467 1569 1477 1586 ο

374 1700 473 1766 chasii
488 1701 524 1766 in
538 1701 718 1767 Franciam.
759 1701 922 1785 Egbertus
938 1702 1193 1787 archiepiscopus
1207 1704 1328 1770 Ebora·
1341 1713 1356 1738 '

374 1805 478 1870 censis
500 1804 599 1870 obiit:
624 1805 775 1870 successit
795 1804 1000 1869 Adelbertus.
1048 1805 1200 1871 Studium
1221 1808 1328 1872 litera·

375 1930 449 1972 rum
463 1909 572 1974 floruit
587 1910 673 1994 apud
687 1909 880 1973 Eboracum.

417 2013 503 2076 A.D.
521 2013 594 2078 767.
631 2013 786 2096 Pippinus
800 2011 893 2076 finito
907 2011 993 2078 bello
1006 2013 1201 2096 Aquitanico
1217 2021 1329 2079 contra

374 2116 566 2181 Waifarium
577 2116 713 2193 Ducem,
725 2115 862 2179 Turonis
878 2116 1030 2180 orationis
1046 2138 1142 2182 causa
1157 2117 1272 2182 deinde
1287 2118 1329 2183 ad

374 2227 523 2284 sanctum
539 2220 732 2304 Dionysium
747 2219 917 2299 divertens,
934 2220 1024 2285 obiit.

418 2324 503 2388 A.D.
529 2325 602 2388 768.
643 2324 764 2388 Paulus
786 2345 868 2408 papa
890 2323 988 2388 obiit:
1016 2325 1168 2389 successit
1191 2324 1327 2409 Stepha-

373 2450 446 2492 nus.
492 2428 630 2511 Pippino
645 2435 867 2492 successerunt
886 2428 923 2492 in
942 2449 1081 2512 regnum
1100 2429 1244 2493 Francia
1264 2429 1329 2494 duo

373 2532 440 2611 filii,
454 2532 705 2610 Karlomannus,
722 2539 754 2596 et
771 2522 911 2596 Karolus
925 2537 1039 2615 postea
1053 2532 1158 2597 dictus
1172 2554 1231 2616 pro
1244 2533 1329 2596 mul·

372 2636 416 2701 tis
431 2636 570 2701 victoriis
585 2657 733 2718 magnus.

416 2739 501 2803 A.D.
519 2741 592 2805 771.
636 2737 876 2802 Karlomannus
894 2737 984 2816 obiit,
1001 2743 1170 2821 totumque
1189 2758 1328 2821 regnum

373 2842 415 2906 ad
430 2842 587 2905 Karolum
602 2841 740 2906 devenit.
783 2840 967 2924 Stephanus
981 2863 1065 2924 papa
1079 2841 1178 2905 obiit:
1203 2862 1327 2906 succes-

373 2948 415 3015 sit
430 2948 606 3013 Adrianus.

416 3053 501 3117 A.D.
530 3056 603 3118 772.
649 3053 800 3132 Karolus,
829 3051 985 3118 Hunoldo
1012 3053 1145 3131 devicto,
1172 3051 1228 3136 qui
1254 3058 1327 3135 post

372 3155 564 3220 Waifarium
590 3155 799 3239 Aquitaniam
828 3156 999 3236 invaserat,
1026 3179 1045 3221 a
1069 3178 1153 3241 papa
1183 3155 1328 3220 Adriano

373 3267 485 3325 contra
509 3259 714 3324 Desiderium
740 3260 1028 3344 longobardorum
1053 3267 1193 3338 vocatus,
1218 3280 1329 3342 regem

371 3363 464 3428 illum
482 3365 581 3448 longa
601 3364 766 3430 obsidione
786 3365 881 3448 cepit,
898 3372 931 3428 et
951 3364 1061 3428 exsilio
1081 3363 1188 3442 trusit,
1208 3383 1244 3426 ac
1263 3363 1327 3426 Ro-

371 3469 476 3533 manis
492 3469 601 3534 omnia
617 3469 725 3534 ablata
738 3468 900 3547 restituit,
922 3469 1011 3533 unde
1025 3467 1200 3545 Adrianus,
1213 3487 1328 3530 convo-

372 3578 444 3636 cato
466 3573 601 3636 concilio
622 3579 753 3636 centum
774 3579 807 3636 et
828 3572 1064 3656 quinquaginta
1087 3591 1143 3636 sex
1166 3570 1327 3654 episcopo·

371 3695 455 3754 rum,
472 3675 502 3737 ei
516 3675 721 3741 investituras
737 3675 942 3739 ecclesiarum
958 3681 991 3740 et
1006 3673 1241 3741 successoribus
1262 3673 1327 3736 suis

371 3776 538 3842 concessit.

415 3880 500 3944 A.D.
527 3880 600 3945 776.
644 3879 783 3944 Karolus
809 3880 906 3963 longo
929 3879 1014 3944 bello
1040 3881 1182 3944 Saxones
1207 3879 1327 3956 domat,

351 4005 509 4068 ·quorum
524 3982 634 4047 decem
649 3982 751 4048 millia
765 3983 891 4067 captiva
904 3983 1072 4048 transtulit
1088 3984 1128 4048 de
1142 3990 1229 4047 terra
1244 4004 1312 4046 sua.

414 4087 499 4151 A.D.
518 4089 591 4152 777.
630 4086 700 4150 Rex
715 4085 913 4152 Merciorum
929 4087 1003 4151 Offa
1018 4086 1329 4171 archiepiscopatum

371 4190 653 4255 Dorobernensem
678 4190 715 4254 in
738 4190 889 4256 Licitfeld
912 4190 1086 4255 bansferre
1111 4188 1262 4273 gestiens,
1287 4185 1327 4249 ab

372 4293 518 4359 Adriano
536 4317 619 4380 papa
639 4294 736 4359 etiam
756 4293 890 4379 pallium
908 4294 944 4358 in
964 4291 1201 4379 plenitudinem
1222 4287 1329 4371 digni-
