3226 5100
349 636 391 698 60
662 655 858 698 cnaourcou
877 655 1012 698 susurra
1129 629 1132 639 “

347 774 432 857 regis
448 774 653 853 Francorum,
670 795 707 838 eo
724 773 809 858 quod
824 774 1061 839 Normanniam
1075 774 1110 839 in
1128 777 1299 859 praesentia

349 877 427 942 dicti
441 877 526 960 regis
540 877 729 960 promissam
745 883 837 961 pater
850 878 917 941 filio
932 899 998 941 non
1015 878 1113 942 dedit.
1153 950 1161 960 .

390 982 474 1045 A.D.
493 982 587 1045 1078.
625 980 784 1043 Primates
799 980 967 1044 Teutonici
984 980 1161 1044 Radulfum
1179 982 1298 1046 Suevo-

347 1105 420 1146 rum
442 1104 552 1166 regem
575 1088 687 1146 contra
710 1082 899 1160 Henrieum,
925 1083 1016 1166 quasi
1042 1085 1298 1148 excommunica-

348 1193 429 1265 tum,
460 1185 641 1268 Magantiae
671 1189 913 1248 coronaverunt.
970 1185 1039 1248 Pax
1067 1186 1161 1261 facta,
1191 1187 1311 1270 potius·

347 1289 432 1367 ficta,
459 1294 517 1367 est,
543 1288 630 1351 inter
654 1308 770 1371 papam
800 1294 833 1350 et
860 1287 1051 1351 Henricum.
1107 1289 1298 1372 Sepulcrum
1368 1317 1370 1322 ’

347 1391 505 1455 Walweni
524 1391 647 1475 inclyti,
665 1390 828 1474 quondam
842 1391 972 1472 cognati
991 1390 1129 1455 Arthuri
1148 1393 1242 1475 regis,
1261 1394 1297 1456 in

346 1494 509 1578 provincia
530 1494 665 1572 Walliae,
688 1515 759 1576 quae
781 1493 863 1556 Roas
886 1493 1012 1572 dicitur,
1037 1501 1086 1557 est
1109 1493 1159 1557 his
1183 1495 1297 1560 diebus

346 1604 519 1680 repertum,
531 1595 654 1660 habens
666 1595 907 1679 quatuordecim
922 1595 1019 1678 pedes
1033 1596 1069 1660 in
1083 1597 1296 1681 longitudine.

389 1700 474 1763 A.D.
496 1701 590 1765 1079.
629 1699 791 1763 Henricus
813 1698 987 1781 imperator
1011 1698 1160 1764 Sueviam
1181 1708 1296 1765 vastat.

346 1803 540 1867 Malcolmus
565 1823 622 1866 rex
648 1802 817 1866 Scotorum
839 1801 1175 1868 Northanhumbriam
1200 1804 1296 1888 depo·

345 1906 477 1989 pulatur
491 1926 593 1989 usque
608 1905 742 1989 Tynarn.
781 1904 964 1968 Willelmus
984 1925 1049 1983 rex,
1065 1912 1098 1969 et
1113 1906 1296 1971 Willelmus

346 2010 430 2073 filius
446 2011 525 2093 ejus,
541 2005 616 2072 cum
631 2008 773 2072 Roberto
787 2007 854 2071 filio
873 2029 931 2070 suo
949 2008 1168 2092 confligentes,
1184 2010 1296 2094 fugam

345 2113 471 2190 ineunt,
487 2119 521 2175 et
534 2117 627 2195 pater
641 2112 839 2175 vulneratur.

389 2215 474 2279 A.D.
500 2216 594 2278 1080.
638 2212 839 2277 Walcherius
869 2213 1099 2278 Dunelmensis
1129 2216 1295 2300 episcopus

347 2318 502 2382 occiditur
519 2340 538 2381 a
555 2318 773 2401 compatriotis
783 2343 792 2395 ς
814 2316 850 2380 in
869 2317 960 2401 cujus
981 2318 1107 2382 sceleris
1127 2319 1294 2400 ultionem,

347 2422 419 2487 Odo
445 2422 629 2487 Baiooensis
655 2421 829 2505 episcopus,
856 2427 889 2484 et
918 2421 1005 2484 idem
1031 2443 1136 2487 comes
1160 2424 1294 2503 Cantiae,

346 2526 445 2590 frater
466 2525 560 2609 regis,
583 2525 698 2589 missus
722 2547 741 2588 a
763 2545 838 2608 rege
857 2524 1029 2604 willelmo,
1048 2525 1295 2590 Northanhum-

346 2629 450 2693 briam
475 2634 587 2692 vastat.
642 2628 805 2693 Robertus
831 2628 929 2692 etiam
955 2629 1040 2711 regis
1069 2630 1154 2693 filius
1184 2637 1297 2694 contra

346 2733 557 2797 Malcolmum
576 2733 611 2796 in
633 2732 783 2811 Scotiam,
802 2753 904 2815 usque
924 2731 964 2796 ad
984 2733 1167 2816 Aglesuret,
1187 2735 1297 2798 omnia

346 2843 525 2914 conterens,
551 2842 583 2900 et
607 2857 673 2900 non
695 2835 871 2914 inveniens,
894 2835 931 2897 in
951 2836 1141 2900 revertendo
1164 2837 1296 2902 Novum

347 2940 524 3003 Castellum
549 2960 644 3022 super
668 2939 792 3022 'synam
820 2938 1011 3028 construxit
1056 2938 1213 3003 Radulfus
1239 2961 1296 3004 rex

348 3044 525 3108 Suevorum
545 3043 581 3106 in
600 3042 684 3106 bello
704 3042 875 3107 occiditur:
900 3041 987 3105 unde
1008 3040 1169 3106 Henricus
1191 3043 1295 3108 elatus

346 3168 462 3230 papam
478 3145 681 3229 Gregorium,
698 3145 877 3229 Magontiae
892 3144 1027 3208 concilio
1042 3151 1224 3221 convocato,
1241 3146 1295 3209 de-

345 3271 464 3334 ponere
486 3249 612 3328 nititur,
630 3249 813 3314 Wibertum
837 3249 1119 3312 Ravennaoensem
1142 3249 1305 3333 arehiepi-

346 3375 477 3437 scopum
493 3353 701 3417 substituens.

387 3458 472 3523 Aa).
490 3460 585 3522 1081.
617 3455 779 3521 Henricus
794 3456 967 3539 imperator
980 3454 1142 3519 hostiliter
1157 3456 1295 3521 Romam

346 3561 495 3625 adversus
510 3582 626 3644 papam
641 3560 752 3623 adiens
767 3566 942 3642 oppugnat,
960 3558 1016 3622 sed
1034 3580 1101 3622 non
1119 3567 1293 3642 expugnat.

388 3663 472 3726 A.D.
491 3664 585 3726 1082.
624 3661 740 3725 Multis
761 3661 940 3724 homicidiis
956 3668 988 3725 et
1004 3661 1294 3744 depraedationibus

345 3765 425 3830 actis
446 3765 532 3828 inter
552 3785 668 3848 papam
691 3771 723 3828 et
745 3765 980 3846 imperatorem,
1001 3764 1037 3828 in
1056 3772 1151 3829 nocte
1172 3767 1294 3849 palma-

344 3890 417 3932 rum
436 3867 532 3932 multi
552 3867 624 3930 oaesi
645 3874 731 3932 sunt.
777 3869 882 3932 Roma
901 3868 941 3932 ab
961 3869 1152 3952 imperatore
1170 3869 1294 3934 obside·

344 3980 408 4037 tur.
455 3971 524 4034 Rex
538 3968 721 4033 Willelmus
735 3970 869 4034 fratrem
884 3992 979 4034 suum
995 3971 1142 4035 Odonem
1163 3993 1240 4051 non,
1256 3980 1295 4037 ut
1383 4037 1384 4042 ,

345 4073 435 4152 dixit,
460 4072 644 4156 episcopum
665 4073 884 4153 Baiocensem,
907 4073 964 4137 sed
986 4073 1110 4138 Cantiae
1132 4075 1293 4156 comitem,

344 4179 379 4241 in
394 4197 552 4241 carcerem
567 4175 678 4240 mittit.

388 4282 472 4345 Α.1).
491 4283 585 4345 1088.
625 4280 796 4359 Henricus,
814 4281 917 4346 Roma
937 4287 1039 4362 capta,
1055 4280 1239 4344 Wibertum
1259 4282 1294 4345 in
