3226 5100
612 621 901 665 rurnrnunonusu.
1188 605 1230 668 67

277 742 309 800 et
332 735 490 802 baronum
512 735 732 816 conferuntur,
751 737 880 815 milites,
900 744 1102 817 mercatores,
1123 746 1156 803 et
1171 739 1228 803 vil·

275 839 352 919 lani,
369 839 496 924 spoliati
516 847 603 904 sunt.
648 840 753 904 Motio
774 861 894 923 magna
912 861 1020 904 versus
1036 841 1226 906 Jerusalem.

273 942 456 1007 Willelmus
472 944 701 1007 Dunelmensis
723 944 888 1026 episcopus
909 942 998 1007 obiit.
1043 944 1226 1010 Willelmus

272 1067 329 1110 rex
345 1047 526 1111 Gisorcium
546 1045 725 1111 construxit
745 1048 780 1110 in
795 1047 943 1111 Marohia
957 1046 1170 1112 Normanniae
1191 1055 1229 1112 et

273 1149 426 1213 Franciae.

314 1253 398 1317 Α.Ι).
427 1255 522 1318 1097.
568 1253 744 1317 Christiani
772 1253 918 1317 Nicaeam
947 1253 1061 1317 urbem
1090 1254 1224 1338 capiunt

271 1354 395 1420 decimo
425 1363 539 1440 quarto
568 1357 780 1420 kalendarum
811 1357 833 1419 J
835 1357 913 1420 unii.
971 1357 1154 1436 Anselmus,
1185 1379 1223 1422 eo

270 1457 356 1540 quod
371 1459 536 1523 ecclesiam
551 1459 762 1523 ecclesiastice
777 1465 998 1524 tractarenon
1014 1459 1116 1538 licuit,
1132 1481 1223 1524 mare

268 1561 395 1624 transit
454 1561 637 1625 Willelmus
671 1583 728 1627 rex
765 1562 872 1626 aulam
909 1563 1031 1645 regiam
1060 1562 1223 1626 Westmo·

268 1665 398 1728 nasterii
414 1664 500 1742 fecit,
517 1672 550 1728 et
566 1686 696 1728 murum
717 1665 800 1729 circa
819 1665 936 1729 turrim
952 1665 1130 1729 Londoniae
1144 1687 1220 1729 con-

266 1766 394 1844 struxit,
404 1774 436 1830 ct
448 1767 609 1831 Clitonem
624 1767 800 1849 Edgarum,
817 1767 984 1832 Maloolmi
998 1769 1111 1846 filium,
1122 1769 1219 1832 misso

267 1869 418 1948 exercitu,
443 1869 478 1932 in
500 1890 611 1952 regem
630 1869 754 1948 levavit,
775 1869 971 1935 Dunenaldo
989 1871 1058 1954 jam
1079 1872 1220 1936 secundo

266 1972 407 2055 expulso.
441 1973 576 2036 Cometa
589 1972 655 2037 visa
670 1979 719 2036 est
735 1972 917 2055 quindecim
932 1973 1056 2052 diebus,
1071 1974 1218 2038 kalendis

266 2074 426 2154 Octobris,
443 2076 597 2159 majorem
617 2076 739 2140 crinem
756 2076 891 2140 mittens
909 2097 1020 2140 versus
1038 2077 1217 2157 Orientem,

265 2184 299 2241 et
313 2177 472 2242 minorem
485 2199 594 2242 versus
614 2178 886 2242 Euro-Austrum.
931 2179 1162 2264 Apparuerunt
1185 2189 1218 2245 et

264 2281 335 2345 sliae
357 2283 466 2361 stella,
482 2281 573 2365 quasi
591 2282 700 2366 jacula
720 2283 807 2346 inter
827 2304 861 2347 se
882 2283 1077 2347 emittentes.
1123 2284 1216 2348 Nou-

263 2384 361 2447 nullis
376 2383 509 2468 signum
521 2384 611 2468 quasi
626 2384 767 2448 ardentis
787 2384 889 2448 crucis
912 2392 961 2449 est
975 2385 1089 2448 visum.
1134 2385 1216 2448 Wil-

263 2487 378 2552 lelmus
393 2488 570 2553 exercitum
585 2487 620 2551 in
635 2488 788 2552 Walliam
803 2495 919 2567 movet,
936 2488 992 2552 sed
1007 2489 1138 2552 frustra.

306 2591 391 2655 Α.Ι).
418 2593 513 2656 1098.
572 2591 747 2656 Antiochia
775 2611 833 2674 per
859 2591 1058 2656 Christianos
1088 2592 1215 2674 capitur

262 2695 360 2759 tertio
382 2703 543 2759 nonarum
567 2695 669 2774 Junii,
689 2694 770 2758 feria
791 2700 925 2778 quarta:
952 2702 985 2758 et
1007 2694 1121 2758 lancea
1143 2717 1214 2779 pas·

262 2795 360 2861 sionis
376 2797 508 2861 Domini
522 2818 579 2880 per
594 2797 785 2860 miraculum
799 2795 971 2861 invenitur.
1017 2797 1214 2860 Walcelinus

262 2901 427 2984 episcopus
441 2899 675 2964 Wintonicnsis
697 2899 786 2962 obiit.
833 2898 987 2962 Urbanus
1007 2919 1089 2982 papa
1108 2899 1213 2962 conci-

260 3004 341 3067 lium
369 3003 510 3068 celebrat
540 3002 625 3086 apud
655 3002 787 3080 Barnm,
818 3001 873 3065 ubi
903 3001 1076 3065 Anselmus
1108 3001 1210 3065 archi·

260 3107 426 3191 episcopus
441 3106 651 3190 quaestionem
672 3104 712 3169 de
729 3102 867 3187 Spiritus
885 3101 995 3168 Sancti
1010 3103 1212 3186 processione

260 3217 373 3275 contra
396 3211 525 3274 Graecos
552 3207 789 3291 elegantissime
814 3206 973 3269 disseruit.
1029 3207 1099 3270 Rex
1123 3204 1210 3269 Nor-

258 3313 366 3395 wegiae
394 3312 548 3393 Magnus,
573 3310 667 3374 Olavi
694 3308 779 3390 regis
808 3307 915 3370 fratris
946 3304 1084 3371 Haroldi
1113 3306 1208 3384 filius,

258 3414 400 3479 Orcadas
428 3412 551 3476 insulas
580 3418 613 3474 et
637 3409 805 3474 Manavias
834 3408 951 3491 adjecit
981 3429 1039 3473 suo
1064 3408 1208 3492 imperio,

253 3519 385 3602 jamque
400 3514 554 3599 Angliam
568 3534 626 3598 per
640 3511 829 3595 Anglesiam
847 3511 978 3595 petebat
986 3536 996 3590 3
1020 3511 1076 3575 sed
1098 3531 1208 3576 occur-

256 3627 370 3686 rerunt
392 3619 423 3685 ei
444 3618 576 3682 comites
600 3616 700 3700 Hugo
723 3614 911 3694 Cestrensis,
933 3621 965 3678 et
989 3612 1089 3698 Hugo
1115 3614 1206 3679 Scro-

255 3721 470 3801 besbiriensis,
486 3729 518 3785 et
534 3727 708 3804 antequam
722 3726 844 3784 terram
858 3725 995 3801 caperet,
1012 3718 1110 3782 armis
1131 3740 1206 3783 eum

256 3828 458 3911 expulerunt.
496 3825 629 3889 Occisus
644 3830 694 3887 est
707 3823 743 3886 in
758 3822 814 3886 illo
829 3821 981 3886 conflictu
997 3821 1097 3905 Hngo
1114 3823 1206 3887 Scro-

255 3929 469 3994 besbiriensir.

299 4033 390 4097 Obiit
412 4031 570 4096 Turaldus
594 4029 692 4094 abbas
714 4029 826 4112 Burgi,
850 4029 905 4112 qui
926 4027 1044 4092 milites
1065 4028 1205 4092 feodavit

255 4133 295 4198 de
309 4134 403 4199 terris
425 4133 574 4211 ecclesiae,
590 4138 623 4196 et
643 4130 810 4196 castellum
830 4132 924 4214 juxta
944 4130 1107 4195 abbatiam
1129 4151 1204 4194 con-

255 4237 380 4318 struxit,
397 4245 430 4302 et
452 4237 514 4300 alia
535 4237 639 4299 multa
660 4235 745 4298 mala
766 4234 902 4298 fecerat:
926 4234 979 4298 hic
1002 4243 1070 4297 erat
1093 4233 1203 4296 alieni-

703 4341 758 4400 r2
