3218 5098
644 637 935 681 rarrrauacuusa.
1224 621 1263 684 75
1280 604 1282 608 ¹

304 763 366 834 tos,
382 759 455 840 post
470 753 568 818 etiam
584 752 776 836 multiplices
793 752 892 817 libros
913 753 954 817 ad
971 752 1104 818 laudem
1124 755 1187 818 Dei
1207 755 1261 820 de-

305 859 450 942 scriptos,
471 856 691 921 sanctissimus
711 856 845 920 Domini
867 857 1039 936 confessor,
1059 863 1093 921 et
1113 858 1260 942 egregius

305 964 426 1041 doctor,
456 959 606 1044 migravit
635 959 678 1023 ad
707 959 886 1023 Dominum
920 965 1010 1023 sexto
1047 959 1260 1024 kalendarum

304 1067 396 1145 Maii,
409 1086 495 1129 auno
509 1064 716 1148 pontificatus
731 1063 781 1127 sui
796 1063 920 1127 decimo
935 1069 1043 1127 sexto:
1067 1063 1120 1128 cui
1134 1085 1258 1128 succes·

304 1171 346 1235 sit
369 1191 407 1234 cx
430 1168 547 1233 abbate
564 1168 712 1250 Sagiensi
726 1167 892 1251 episcopus
913 1167 1084 1246 Rcffensis,
1101 1167 1261 1232 Radulfus

303 1273 408 1338 factus
420 1271 662 1337 cantuariensis
678 1269 952 1354 arehiepiscopus;
976 1271 1031 1334 sed
1046 1271 1115 1335 haec
1129 1277 1259 1355 postea:

305 1398 382 1443 uam
407 1375 498 1440 sedes
520 1375 642 1438 vacavit
667 1380 804 1458 quatuor
827 1375 930 1438 aunis.
976 1374 1115 1438 Thomas
1139 1375 1259 1438 electus

305 1479 516 1544 Eboraccrrsis
539 1500 559 1541 a
581 1477 720 1542 Ricardo
744 1477 965 1542 Londcnieusi
988 1483 1203 1557 consecratur,
1226 1483 1259 1541 et

305 1583 439 1667 pallium
462 1603 482 1645 a
502 1582 609 1664 legato
632 1579 715 1643 sedis
738 1581 930 1664 apostolica,
947 1581 1039 1645 Ulsio
1060 1580 1202 1659 nomine,
1218 1580 1260 1644 ad

306 1707 382 1750 eum
401 1684 554 1749 defertur.
598 1684 679 1763 Rex,
696 1683 826 1748 abbatia
839 1684 963 1749 Eliensi
984 1685 1020 1748 in
1042 1685 1258 1769 episcopatum

306 1812 466 1868 conversa,
486 1788 627 1872 primum
653 1788 684 1851 ei
709 1787 893 1871 episcopum
919 1785 1093 1851 Hcrvaeum
1116 1787 1259 1870 Wango-

304 1897 444 1960 riensem
467 1892 656 1970 coustituit3
682 1891 722 1955 de
745 1890 956 1969 Norwiccnsi,
980 1892 1037 1957 red
1058 1889 1197 1955 maxime
1220 1891 1260 1954 de

306 1996 533 2075 Lincolnicr'rsi,
550 2017 587 2060 eo
609 1995 792 2079 quadratis
813 1995 920 2078 ampla
938 1993 1116 2074 videbatur,
1132 1994 1261 2059 dioeeesi

305 2103 335 2166 ei
350 2101 529 2184 assignata:
553 2106 586 2163 et
601 2121 643 2163 ne
658 2098 893 2163 Lincolnicnsis
913 2119 947 2162 sc
966 2098 1120 2183 injuriose
1138 2097 1259 2162 diceret

305 2205 502 2284 mutilatum,
519 2205 558 2268 de
577 2203 674 2268 rebus
689 2204 837 2288 Elyeusis
857 2203 996 2268 eoeuobii
1015 2203 1161 2287 episcopo
1181 2203 1259 2267 Lin-

305 2309 461 2374 colniensi
486 2309 667 2392 assignatis,
692 2307 842 2372 dominus
867 2329 923 2373 rex
949 2307 1112 2372 satisfecit.
1168 2307 1258 2372 Obiit

305 2413 456 2496 Ingulfus
479 2411 576 2476 abbas
592 2411 813 2496 Croylaudiae3
837 2411 889 2476 eui
912 2411 1061 2475 suecessit
1083 2411 1257 2475 Goffridus.

305 2516 395 2580 Obiit
410 2523 541 2580 sanctus
559 2517 668 2598 Euge,
684 2514 783 2579 abbas
800 2515 1030 2580 cluniacensis.

346 2620 431 2683 Ar).
457 2621 551 2683 1110.
598 2618 761 2683 Henricus
786 2640 843 2683 rex
868 2618 998 2702 Angliac
1023 2618 1124 2682 filiam
1154 2638 1256 2696 suam,

301 2722 433 2787 noinine
447 2722 630 2801 Matildem,
648 2720 791 2786 Henrico
806 2721 991 2805 imperatori
1015 2722 1104 2786 dedit
1123 2721 1159 2786 in
1179 2743 1256 2784 uxo-

302 2847 381 2892 rem.
426 2827 525 2890 Plura
540 2832 617 2891 sunt
631 2825 667 2889 iu
681 2825 803 2909 Anglia
822 2827 915 2910 signa
935 2833 1081 2890 ostensa:
1105 2848 1182 2890 nam
1196 2826 1256 2889 flu-

302 2929 371 2993 vius
386 2930 552 2994 Tameusis
571 2930 659 2994 inter
672 2930 789 2994 turrim
809 2937 841 2994 et
862 2937 994 3013 pontem
1014 2931 1062 2994 ita
1079 2930 1256 2994 desiccatus

303 3039 363 3113 est,
384 3039 423 3097 ut
449 3055 469 3098 a
493 3032 601 3118 pueris
626 3039 734 3117 posset
759 3034 957 3118 pertransiri.
1004 3033 1135 3098 Fluvius
1158 3033 1257 3097 ctiam

301 3137 420 3201 Trentc
444 3137 529 3222 apud
551 3137 755 3220 Notingham
778 3160 797 3201 a
818 3159 914 3202 mane
935 3159 1038 3221 usque
1062 3137 1103 3200 ad
1126 3137 1255 3201 tertiam

301 3240 436 3306 siccatus
451 3248 500 3305 est
515 3262 573 3325 per
588 3241 728 3325 spatium
743 3241 884 3305 milliarii
899 3241 1006 3319 unius,
1022 3247 1060 3304 ut
1080 3241 1163 3304 sicco
1182 3262 1254 3324 pos-

302 3351 351 3408 set
365 3344 554 3429 pertransiri
567 3345 712 3428 vestigio.
758 3345 893 3409 Cometa
913 3367 972 3429 per
993 3351 1058 3408 tres
1080 3343 1254 3408 hebdoma-

302 3447 358 3511 das
381 3448 538 3532 apparuit.
593 3448 670 3512 Fuit
696 3448 794 3513 etiam
817 3448 878 3512 hoc
901 3469 986 3511 anno
1008 3446 1111 3512 hiems
1138 3447 1255 3531 gravis*

302 3549 392 3630 sima,
418 3559 451 3616 et
476 3552 655 3616 mortalitas
677 3552 856 3631 homiuum,
882 3551 1068 3616 animalium
1092 3558 1125 3616 et
1148 3552 1255 3616 avium

301 3653 442 3718 maxima
457 3654 591 3718 marina.

225 3743 229 3752 ¹
344 3759 429 3823 A.D.
447 3761 542 3823 1111.
575 3757 738 3822 Henricus
752 3759 935 3841 imperator,
952 3757 1118 3822 ecclesiam
1134 3755 1254 3821 Roma-

301 3883 378 3925 nam
400 3867 531 3947 propter
553 3862 758 3926 investituras
782 3863 988 3927 ecclesiarum
1014 3864 1153 3946 graviter
1177 3864 1254 3928 affli-

300 3986 390 4048 gens,
407 3966 545 4030 Rumam
565 3965 651 4044 adit;
673 3965 731 4030 ubi
746 3987 857 4049 quum,
877 3965 962 4029 irata
980 3965 1072 4047 facie,
1093 3988 1160 4031 non
1181 3989 1254 4050 pro-

299 4067 436 4146 cederet,
453 4089 622 4132 conversus
641 4068 682 4132 ad
697 4069 812 4133 callida
830 4069 1001 4134 machinari
1008 4071 1093 4155 [da],
1112 4071 1253 4155 praeteri-

297 4177 406 4236 torum
429 4171 619 4238 delictorum
644 4172 868 4255 poenitentiam
889 4174 995 4252 fiuxit,
1019 4172 1251 4237 absolutionem

299 4276 442 4359 expetiit,
459 4283 492 4340 et
507 4297 584 4360 pace
599 4277 725 4341 reddita
740 4278 888 4357 ecclesiae,
906 4300 939 4341 se
953 4300 1011 4361 pro
1026 4278 1180 4342 unctione
1195 4299 1253 4341 sua
