3212 5102
349 615 413 679 152
647 633 845 679 cnaourcou
862 634 996 680 susara

344 749 483 834 Angliae,
506 753 544 814 ut
569 749 599 814 ei
627 749 782 814 auxilium
806 749 952 815 mitteret
977 755 1089 815 contra
1113 748 1298 831 Saracenos,

347 873 426 936 quos
441 852 633 916 validissime
647 859 728 916 tunc
743 852 941 916 debellabat:
965 853 1056 937 cujus
1077 852 1155 918 belli
1175 853 1250 917 finis
1262 854 1299 918 -is

346 961 426 1033 erat,
444 955 621 1019 Saldanum
640 954 827 1040 Babyloniae
846 955 985 1042 inbelle
1008 956 1180 1036 interfecit,
1196 958 1300 1021 filium

350 1056 483 1121 Saldani
501 1077 576 1121 cum
596 1078 654 1122 suo
674 1058 816 1122 exercitu
839 1057 879 1122 de
902 1057 1014 1141 proelio
1033 1058 1156 1140 fugavit
1167 1083 1176 1136 3
1199 1057 1299 1136 villas,

347 1159 502 1239 civitates,
518 1165 551 1224 et
565 1159 704 1239 castella,
717 1160 826 1224 vineas
839 1160 992 1244 lucosque
1006 1160 1183 1225 combussit
1197 1167 1231 1224 et
1246 1160 1300 1224 de-

347 1261 464 1326 struxit
475 1287 487 1348 ²,
505 1283 616 1345 regem
634 1268 743 1326 autem
760 1262 956 1327 Eduardum
976 1269 1056 1327 tunc
1075 1263 1161 1328 bella
1173 1263 1301 1327 Walliae

347 1363 508 1448 urgebant
518 1390 528 1443 ς
549 1365 697 1450 princeps
718 1366 805 1429 enim
819 1365 946 1430 Walliae
969 1366 1136 1445 Leulinus,
1155 1387 1214 1449 pro
1236 1387 1302 1430 suae

348 1467 458 1531 uxoris
473 1469 621 1552 captione
636 1468 797 1546 efferatus,
813 1467 969 1551 Angliam
982 1468 1103 1552 ubique
1118 1468 1302 1533 diffidebat:

349 1568 437 1632 unde
462 1590 519 1633 rex
540 1568 717 1633 Edwardus
739 1569 915 1634 exercitum
938 1569 975 1633 in
997 1569 1149 1633 Walliam
1172 1569 1302 1649 ducens,

351 1671 491 1736 Bannok
507 1671 568 1736 sibi
588 1663 741 1751 subdidit,
763 1677 797 1736 et
821 1671 996 1736 Leuliuum
1013 1672 1050 1736 in
1073 1672 1232 1736 Snoudun
1253 1673 1304 1737 fu-

353 1774 449 1856 gavit.
509 1775 623 1839 Fames
651 1773 756 1838 valida
784 1779 864 1838 tunc
890 1780 1090 1857 oppresserat
1114 1775 1303 1853 Wallenses,

353 1886 492 1960 anteque
505 1877 614 1942 natale
629 1876 762 1940 Domini
781 1876 839 1941 tali
858 1878 1043 1942 conditione
1058 1877 1303 1942 concordantur.
1318 1860 1331 1892 ‘

353 1982 508 2064 Princeps
523 1979 678 2044 concessit
698 1985 807 2042 tenere
821 1978 973 2042 Walliam
994 1979 1033 2042 de
1052 1999 1129 2062 rege
1148 1977 1306 2042 Eduardo

354 2090 387 2148 et
402 2082 443 2147 de
458 2081 691 2146 successoribus
707 2081 785 2164 ejus,
801 2087 958 2164 tanquam
978 2081 1018 2146 de
1033 2080 1164 2145 domino
1179 2080 1307 2164 capitali

353 2207 412 2269 per
424 2185 585 2250 tributum
600 2184 688 2248 mille
703 2204 884 2247 marcarum
900 2184 1069 2247 annuatim
1082 2183 1307 2267 persolvenda-

355 2310 439 2368 rum,
456 2286 607 2370 deditque
626 2287 662 2350 in
681 2285 832 2350 manibus
852 2306 910 2368 pro
930 2285 1236 2368 transgressionibus
1257 2304 1307 2349 re-

355 2389 487 2454 troactis
503 2388 737 2473 quinquaginta
751 2388 853 2452 millia
867 2387 1023 2452 librarum
1038 2388 1174 2471 argenti.

399 2492 484 2556 An.
502 2491 597 2556 1278.
644 2489 816 2565 Robertus,
837 2489 1079 2554 Cantuaricnsis
1101 2489 1308 2572 archiepisco-

356 2615 428 2678 pus,
449 2593 554 2657 factus
579 2597 628 2655 est
655 2592 821 2675 episcopus
844 2593 1042 2671 Portuensis,
1070 2600 1102 2657 et
1128 2593 1308 2657 cardinalis.

358 2697 534 2780 Episcopus
556 2715 631 2758 vero
651 2693 895 2773 [incolniensis
914 2695 1082 2775 Ricardus,
1101 2696 1138 2759 in
1161 2718 1220 2760 sua
1237 2695 1310 2759 visi-
1337 2707 1339 2714 ’

358 2799 482 2863 tatione
500 2797 646 2881 deposuit
661 2798 797 2861 Petrum
817 2797 967 2878 abbatem
984 2798 1023 2862 de
1041 2798 1231 2882 Bardeney3
1255 2796 1312 2862 sed

360 2901 457 2966 abbas
472 2900 685 2984 appellatione
700 2921 808 2964 coram
822 2900 975 2983 praedicto
986 2901 1128 2966 Roberto
1140 2899 1311 2966 Cantauri-

360 3003 430 3068 ensi
452 3002 687 3086 archiepiscopo
708 3001 890 3066 restituitur
913 3003 949 3066 in
970 3009 1092 3067 statum
1120 3002 1311 3087 pristinum:

360 3105 449 3169 unde
470 3104 557 3190 prior
571 3104 696 3184 domm,
712 3126 787 3169 cum
809 3105 878 3169 aliis
899 3105 1074 3183 monachis,
1089 3105 1125 3169 in
1145 3105 1312 3189 dispersio-

360 3229 438 3273 nem
451 3207 541 3272 missi
555 3214 642 3292 sunt,
655 3208 695 3272 de
710 3207 826 3292 quibus
842 3207 922 3272 duos
935 3215 1048 3291 postea
1062 3207 1194 3272 domum
1209 3228 1313 3272 rever·
1403 3280 1409 3290 Ι

360 3317 468 3375 tentes
482 3310 653 3394 pradictus
669 3309 768 3375 abbas
782 3310 999 3388 incarceravit,
1015 3310 1215 3394 istarumque
1233 3311 1314 3374 alter

361 3414 457 3491 fame,
473 3413 536 3491 siti,
552 3419 586 3476 et
599 3412 717 3492 inedia,
731 3412 767 3476 in
782 3433 907 3477 carcere
922 3411 1010 3476 obiit.
1056 3412 1212 3477 Leulinus
1226 3412 1314 3496 prin·

364 3537 437 3599 ceps
466 3515 594 3579 Walliae
622 3514 716 3579 duxit
734 3514 780 3588 ¹in
812 3536 945 3579 uxorem
973 3514 1074 3578 filiam
1105 3516 1245 3579 Simonis
1275 3515 1316 3580 de

364 3617 556 3684 Monteforti
577 3618 663 3701 apud
680 3616 893 3697 Londoniam,
908 3639 984 3701 rege
1004 3617 1161 3682 Eduardo
1175 3618 1317 3701 puellam

364 3720 483 3802 nuptui
507 3721 665 3785 tradente.
719 3721 863 3786 Mutatio
891 3728 1030 3786 monetae
1057 3741 1115 3804 per
1143 3720 1316 3804 Angliam3

364 3823 567 3887 mutilatores
589 3823 658 3906 ejus
678 3824 773 3887 variis
793 3825 897 3907 poenis
920 3825 1052 3889 multati
1075 3830 1161 3888 sunt.
1206 3823 1318 3888 Abbas

366 3926 387 3989 J
389 3925 545 3990 erovalliae
566 3925 689 3989 occisus
708 3932 757 3990 est
781 3947 800 3989 a
824 3926 962 4010 quodam
983 3926 1151 3992 monacho.
1196 3925 1319 3990 Termi·

365 4035 482 4094 natum
504 4033 552 4092 est
574 4027 672 4092 etiam
693 4028 848 4112 placitum
868 4030 954 4114 apud
975 4029 1189 4109 Londoniam,
1212 4049 1319 4093 coram

366 4131 490 4196 domini
513 4132 598 4217 regis
621 4133 813 4216 justitiariis,
837 4133 924 4197 inter
950 4133 1118 4198 dominum
1143 4132 1321 4197 Radulfum

367 4236 407 4304 de
422 4235 563 4317 Merthe,
580 4236 730 4303 abbatem
745 4236 956 4323 croylandiae,
968 4244 1001 4302 et
1016 4236 1185 4302 dominum
1196 4234 1320 4300 Willel·
