3212 5102
404 1715 578 1780 Cultomcl
595 1720 731 1794 textum,
747 1715 852 1798 quiin
867 1714 1009 1779 editione
1028 1714 1208 1799 Sparkiana
1226 1716 1315 1779 inve-

360 1820 450 1884 nitur
475 1818 544 1906 [sol.
565 1821 669 1885 Lond.
694 1820 793 1903 1723]
820 1820 939 1884 iterum
962 1821 1086 1884 contuli
1110 1843 1185 1885 cum
1208 1821 1317 1885 codice
1453 1895 1456 1900 ¹

361 1922 461 1986 MSto
492 1923 547 2006 qui
575 1923 661 1986 solus
690 1929 778 1987 extat
810 1923 911 2006 [Mus.
938 1923 1019 1986 Brit.
1047 1923 1160 1989 Claud.
1184 1927 1227 1988 A.
1253 1923 1313 2010 V.]

363 2026 475 2090 Plures
489 2025 566 2091 inde
580 2026 666 2091 locos
677 2025 808 2105 correxi,
821 2032 854 2089 et
864 2025 972 2089 hiatus
987 2048 1091 2090 unum
1106 2033 1163 2092 aut
1178 2028 1317 2091 alterum

361 2129 515 2213 supplevi.

405 2233 490 2297 A.D.
507 2233 581 2297 654.
605 2231 979 2297 Merciorum-Mercioe
996 2232 1028 2296 S.

405 2339 490 2402 A.D.
507 2339 581 2404 667.
604 2337 968 2402 wiardus—wirardus
985 2337 1017 2400 S.

404 2440 490 2503 AJ).
506 2440 581 2504 678.
605 2439 779 2503 Conus—“
789 2440 869 2502 alias
883 2439 1023 2502 Donus”
1041 2439 1063 2502 S
1079 2439 1115 2502 in
1129 2446 1198 2504 not.

405 2541 489 2606 A.D.
506 2541 580 2604 689.
605 2540 991 2619 Romam-andoniam
1007 2541 1040 2605 S.

402 2644 488 2708 A.D.
505 2646 579 2710 705.
602 2643 710 2708 ablata
727 2643 1101 2710 restituit-“Romanae
1119 2645 1213 2710 sedi”
1235 2647 1258 2710 S
1278 2645 1314 2710 in

362 2754 432 2813 not.

405 2851 490 2916 A.D.
507 2851 581 2917 716.
602 2850 812 2916 factus-om.
831 2851 864 2915 S.

404 2956 489 3020 A.D.
507 2958 580 3022 729.
604 2955 834 3020 Offn’cus-ita
850 2955 873 3018 S
888 2960 921 3020 et
936 2953 1012 3020 MS.
1028 2953 1183 3021 osricus?

403 3061 488 3125 A.D.
505 3063 579 3126 744.
601 3061 775 3125 novo-ita
791 3060 812 3122 S
829 3065 862 3124 et
876 3057 952 3124 MS.
968 3059 1009 3124 de
1022 3059 1129 3124 novo?

403 3164 579 3230 Α.1).763.
603 3161 896 3228 obsidet-obsedit
908 3164 946 3226 S.

403 3269 488 3333 A.D.
505 3270 579 3335 777.
601 3267 859 3334 Licitfeld-om.
882 3267 916 3330 S.
930 3265 1029 3331 habet
1049 3263 1123 3332 MS.
1139 3289 1222 3352 pene
1242 3289 1311 3332 era·

360 3395 443 3438 sum.

403 3477 488 3542 A.D.
505 3478 578 3542 778.
602 3476 846 3541 Romam-om.
871 3475 893 3537 S
916 3480 950 3539 et
971 3467 1047 3538 MS.¹
1067 3473 1140 3540 vide
1162 3473 1204 3538 ad
1224 3475 1310 3539 AJ).

360 3584 424 3649 782
439 3587 472 3645 et
487 3583 561 3644 800.
1142 3585 1144 3590 ’

401 3684 487 3748 A.D.
504 3685 578 3750 783.
602 3680 1041 3767 Hilflegarda-Kildegarda
1057 3682 1092 3745 S.

402 3789 487 3854 AJ).
504 3789 578 3853 788.
601 3785 865 3850 Vulsci-Vulsti
882 3785 916 3848 S.

402 3893 487 3957 ΑΒ.
505 3891 578 3958 796.
603 3895 624 3925 “
634 3890 748 3972 Supple
761 3887 900 3973 papam'’
916 3888 939 3951 S
954 3888 990 3951 in
1004 3894 1072 3953 not.
1121 3921 1123 3926 ·

401 3997 487 4062 A.D.
503 3997 577 4075 825,
592 3997 657 4060 828
672 4002 704 4059 et
720 3996 793 4059 838.
816 3990 1203 4077 Wiglafius—Wiglasius
1220 3990 1254 4054 S.

400 4101 486 4166 AJ).
502 4101 575 4165 827.
600 4098 744 4180 “Suppte
762 4095 925 4181 Egbertus
944 4116 1000 4160 rex
1020 4094 1307 4160 occidentalium.''

357 4206 380 4270 S
395 4205 432 4270 in
446 4210 514 4269 not.

401 4309 486 4375 A.D.
502 4309 576 4372 830.
601 4310 622 4342 “
632 4306 745 4388 Supple
759 4303 878 4388 Papa.’'
896 4302 918 4366 S
933 4301 970 4365 in
983 4307 1051 4366 not.
