3216 5104
389 652 453 714 164
512 636 516 646 ¹
678 668 874 713 onnoumon
891 665 1027 711 susara

388 791 457 876 ges]
485 790 673 854 transmissa
698 796 746 854 est
772 810 847 853 cum
871 787 1001 854 domino
1026 787 1194 868 Eduardo,
1218 788 1335 872 primo·

388 895 498 980 genito
512 895 578 960 filio
593 917 651 959 suo
665 894 701 958 in
715 894 895 971 Manciam,
910 892 977 971 ubi,
992 899 1097 958 matre
1115 892 1336 957 consentiente

387 1007 421 1063 et
449 1019 525 1082 rege
554 997 697 1062 Franciae
731 997 929 1074 consulente,
958 996 1043 1061 filius
1074 1017 1152 1060 suus
1183 997 1273 1061 duxit
1301 995 1337 1059 in

387 1123 521 1167 uxorem
541 1101 704 1166 dominam
724 1101 916 1184 Philippum,
931 1099 1031 1164 filiam
1053 1099 1178 1165 comitis
1203 1098 1337 1163 Hanan-

388 1204 468 1283 die,
505 1205 597 1288 cujus
630 1226 731 1268 manu
763 1203 848 1282 fulti,
882 1225 956 1268 cum
994 1225 1113 1288 magno
1150 1204 1264 1270 robore
1301 1204 1337 1268 in

389 1308 547 1373 Orowelle
571 1307 813 1393 applicuerunt;
851 1329 888 1372 ao
911 1306 1120 1372 ascendentes
1143 1308 1274 1392 pacifice
1297 1307 1339 1372 ad

289 1429 291 1436 “
390 1411 629 1497 Gippiswicum,
641 1418 675 1476 et
686 1412 768 1476 vires
780 1410 923 1496 quotidie
937 1411 1084 1476 fortiores
1099 1412 1336 1490 contrahentes,

389 1514 431 1579 ad
455 1513 658 1578 londoniam
677 1513 812 1577 nuncios
835 1513 1070 1597 praemiserunt,
1089 1521 1248 1598 quatenus
1270 1536 1338 1579 ma·

388 1625 473 1682 trem
494 1623 527 1682 et
547 1617 660 1698 filium,
675 1617 768 1700 regni
787 1616 1027 1700 perturbatores
1045 1618 1257 1682 exterminare
1272 1640 1339 1683 mo-

389 1721 515 1799 lientes,
531 1719 729 1804 adjuvarent,
746 1727 901 1803 tanquam
923 1719 1029 1802 angeli
1050 1719 1089 1784 dc
1110 1721 1190 1784 coelo
1210 1720 1339 1785 admissi

390 1831 477 1888 sunt.
510 1823 607 1908 Fugit
621 1823 706 1888 illico
720 1844 776 1887 rex
790 1845 900 1888 versus
915 1823 1066 1887 Wallias:
1089 1832 1193 1888 mater
1207 1833 1239 1889 et
1253 1825 1339 1889 filius

389 1926 493 1991 indies
508 1934 687 1991 crescentes
701 1925 822 1990 viribus
837 1934 963 1990 mature
979 1936 1229 2010 consequuntur.
1263 1929 1338 1992 Dis·

390 2030 539 2114 pensarii,
556 2051 622 2095 suae
640 2029 822 2115 tyrannidis
841 2029 968 2109 conscii,
984 2051 1058 2095 cum
1080 2053 1155 2114 rege
1173 2031 1336 2115 fugerunt.

393 2132 512 2199 Comes
528 2134 567 2198 dc
587 2133 742 2212 Arundel,
758 2140 791 2197 et
811 2134 976 2218 episcopus
996 2134 1224 2214 Norwicensis,
1240 2135 1340 2200 domi-

390 2259 454 2302 nus
481 2236 644 2302 Robertus
671 2236 710 2300 de
736 2236 889 2316 Baldoclr,
916 2258 954 2301 ac
979 2237 1087 2301 caeteri
1114 2238 1170 2321 qui
1196 2238 1342 2303 similiter

391 2347 498 2425 partes
512 2341 597 2424 regis
612 2339 773 2419 fovebant,
788 2340 865 2404 illuc
881 2340 1081 2405 advolabant.
1126 2341 1269 2406 'landem
1284 2364 1340 2406 rex

391 2451 504 2528 captus
526 2452 596 2509 est:
623 2445 723 2528 Hugo
745 2445 970 2528 Dispensan'us
992 2451 1084 2528 pater
1106 2446 1192 2529 apud
1213 2447 1341 2510 Winto-

391 2548 480 2612 niam
507 2553 630 2611 tractus
656 2554 689 2612 et
716 2568 889 2631 suspensus
915 2555 981 2611 cst:
1020 2549 1120 2632 Hugo
1145 2549 1230 2613 filius
1256 2550 1342 2634 apud

392 2651 554 2716 Hereford
573 2657 705 2726 tractus,
727 2672 910 2734 suspensus,
930 2652 1133 2732 evisceratus,
1154 2659 1188 2718 et
1207 2653 1342 2718 decolla-

391 2760 455 2834 tus,
479 2755 575 2819 acin
600 2761 739 2838 quatuor
767 2763 874 2838 partes
898 2754 1103 2821 membratim
1129 2756 1248 2821 divisus
1273 2764 1340 2836 est3

391 2858 511 2921 viscera
533 2877 608 2921 vero
631 2865 826 2936 cremantur,
846 2866 955 2941 partes
978 2858 1117 2942 corporis
1141 2859 1182 2923 ad
1205 2861 1341 2945 majores

392 2961 536 3027 civitates
550 2960 644 3044 regni
661 2960 945 3041 transmittuntur3
969 2969 1065 3046 caput
1085 2969 1192 3028 autem
1214 2963 1341 3029 Londo-

392 3067 456 3131 niae
471 3066 661 3130 destinatum.

436 3171 522 3235 ΑΒ.
540 3171 635 3233 1326.
673 3168 795 3233 Omnes
819 3169 948 3253 Angliae
969 3177 1138 3254 magnates
1161 3171 1341 3235 Londoniae

394 3274 527 3340 manati
547 3274 587 3338 de
606 3295 682 3357 rege
696 3273 864 3353 Eduardo,
880 3295 937 3358 per
956 3274 1123 3339 dominum
1143 3276 1342 3341 Willelmum

393 3380 523 3444 Trussel
536 3378 683 3457 militem,
699 3376 739 3441 ab
760 3378 910 3442 omnibus
931 3378 1109 3462 specialiter
1129 3379 1171 3443 ad
1189 3380 1250 3444 hoc
1267 3401 1342 3444 con·

394 3485 546 3548 stitutum
569 3488 777 3561 attornatum,
794 3481 834 3546 de
855 3482 1011 3546 fidelitate
1032 3482 1102 3567 regi
1123 3483 1210 3548 facta
1231 3491 1264 3548 et
1286 3506 1343 3549 sna

394 3586 533 3670 ligancia
557 3584 787 3650 relaxationem
811 3591 844 3650 et
868 3584 1085 3650 dimissionem
1112 3585 1344 3650 instantissime

394 3691 574 3774 petierunt:
612 3709 668 3753 rex
698 3697 807 3754 autem
838 3689 953 3773 lugens
984 3697 1017 3755 et
1047 3690 1228 3768 lacrimans,
1258 3691 1344 3775 quod

393 3813 532 3876 regnum
546 3791 629 3855 male
643 3792 838 3871 manaverit,
851 3799 884 3858 et
895 3793 1115 3858 remissionem
1130 3816 1150 3858 a
1164 3795 1234 3858 Deo
1249 3795 1343 3860 devo-

393 3896 516 3962 tissime
537 3895 737 3979 deprecatus,
757 3896 897 3962 libenter
918 3898 1146 3963 relaxationem
1169 3898 1342 3962 concessit:

395 3999 480 4086 quod
494 4019 569 4064 vero
583 3997 686 4061 filium
706 4020 801 4062 auum
820 3999 855 4062 in
875 4019 985 4083 regem
1001 4008 1166 4085 acceptare
1182 4007 1259 4064 sunt
1274 4000 1344 4084 dig-

394 4105 473 4184 nati,
497 4102 677 4188 aliqualiter
702 4103 911 4182 confortatus,
935 4105 1055 4187 gratias
1081 4104 1231 4169 omnibus
1257 4104 1343 4188 egit3

394 4214 628 4293 coronatusque
651 4211 700 4295 est
724 4205 873 4269 dominus
897 4206 1083 4287 Edwardus,
1108 4208 1344 4292 primogenitus

395 4313 475 4396 ejus,
484 4311 570 4397 apud
578 4309 912 4388 westmonasterium,
922 4309 973 4374 die
984 4309 1214 4394 purificationis
1226 4317 1344 4376 sanctae
