3216 5104
565 649 856 694 paramonarium.
1146 633 1187 694 83

232 761 466 830 Coventrer'isis'
481 763 620 844 inhians,
646 786 719 848 quae
742 786 761 828 a
782 764 886 848 prima
907 764 1098 830 fundatione
1120 788 1188 846 sua,

232 869 317 933 dono
338 867 457 931 Lefrici
477 867 613 947 comitis,
629 868 828 951 aliorumque
851 868 995 932 fidelium
1019 868 1191 934 oblationi-

230 971 303 1050 bus,
332 976 488 1054 congesta
516 970 553 1033 in
581 992 702 1053 magna
730 971 822 1055 copia
849 979 951 1050 erant,
978 972 1056 1036 illuc
1080 972 1189 1038 sedem

232 1073 443 1157 episcopalem
475 1072 690 1151 Cestremem,
718 1095 789 1156 quae
819 1074 979 1157 quondam
1007 1082 1076 1139 erat
1102 1073 1189 1160 apud

232 1175 408 1255 Lichefeld,
432 1177 607 1240 transferre
631 1176 763 1240 molitus
792 1183 842 1240 est
853 1203 862 1255 ;
894 1178 982 1241 unde
1007 1199 1040 1241 se
1064 1178 1188 1243 Caven-

231 1286 372 1348 trensem
396 1286 429 1344 et
444 1281 550 1344 vocari
564 1280 672 1343 vivum
686 1279 773 1358 fecit,
790 1288 823 1345 et
842 1281 889 1345 ibi
907 1281 1035 1364 sepeliri
1050 1303 1084 1346 se
1102 1304 1187 1346 mor·

231 1390 327 1447 tuum
353 1383 461 1467 jussit.
522 1384 612 1467 Rege
644 1383 787 1446 Henrico
821 1384 908 1466 apud
938 1385 1189 1458 Windeshoram

231 1487 340 1550 natale
363 1485 497 1550 Domini
518 1492 663 1564 tenente,
680 1508 779 1569 quum
801 1487 1013 1552 Eboracensis
1036 1509 1075 1552 ex
1097 1510 1189 1573 aequo

231 1611 307 1654 curn
328 1588 554 1654 Cuntuariensi
576 1588 812 1673 archiepiscopo
835 1611 988 1654 coronare
1010 1592 1116 1671 veliet,
1138 1613 1188 1656 re·

230 1694 357 1777 pulsam
376 1715 488 1778 passus
506 1699 566 1758 est.
609 1694 697 1758 Crux
719 1693 826 1772 etiam,
847 1716 944 1777 quam
967 1701 1043 1758 ante
1061 1714 1096 1758 se
1114 1694 1190 1759 ferri

230 1797 360 1877 fecerat,
375 1803 536 1882 prostrata
551 1803 619 1875 est3
636 1797 852 1861 asserentibus
867 1797 1003 1876 cunctis,
1016 1819 1082 1862 non
1093 1798 1189 1863 licere

230 1901 478 1986 metropolitano
506 1902 543 1965 in
573 1901 678 1966 aliena
707 1900 836 1966 dioecesi
866 1922 993 1966 crucem
1019 1901 1079 1966 sibi
1107 1923 1188 1986 prae·

231 2005 325 2070 ferre.
923 2079 926 2085 ¹

278 2109 368 2172 ab.
400 2111 494 2175 1127.
557 2107 714 2172 Ricardus
745 2109 991 2188 Herefordensis
1021 2109 1187 2194 episeopus

230 2211 322 2278 obiit.
368 2211 552 2276 Willelmus
568 2211 809 2276 cantuariensis
828 2212 1099 2296 archiepiscopus*
1112 2235 1187 2298 apo·

231 2315 351 2382 stolicae
374 2315 457 2379 sedis
479 2315 615 2398 legatur,
633 2315 814 2379 Concilium
834 2315 1013 2380 Londoniae
1035 2317 1186 2396 celebrat,

231 2418 324 2502 plura
344 2418 391 2482 ibi
411 2439 594 2503 proponens
617 2419 767 2501 capitula.
814 2419 884 2483 Rex
903 2441 987 2500 vero,
1004 2423 1185 2484 convocatis

231 2525 383 2590 omnibus
402 2525 497 2608 regni
515 2525 718 2608 primatibus,
739 2525 781 2590 ad
799 2532 1000 2610 praeceptum
1016 2527 1085 2610 ejus
1104 2527 1185 2590 Wil-

230 2629 346 2694 lelmus
377 2629 645 2712 archiepiscopus,
680 2629 850 2713 caeterique
879 2630 1011 2714 Angliei
1047 2630 1187 2715 episcopi

230 2745 360 2812 omnes,'
377 2754 452 2797 cum
477 2730 658 2808 abbatibus
683 2732 891 2815 principibus,
917 2756 954 2797 ac
979 2733 1185 2818 magnatibus

230 2835 396 2915 universis,
420 2835 494 2900 filiae
524 2857 590 2899 suae
619 2835 815 2919 imperatrici
841 2836 974 2901 Matildi
1003 2837 1184 2901 hominium

229 2938 343 3018 faeere,
359 2945 392 3003 et
409 2938 599 3003 fidelitatem
615 2939 725 3022 jurare
743 2939 837 3022 jussi,
860 2939 887 3002 si
910 2941 1135 3024 superviveret,
1152 2947 1185 3006 et

228 3041 292 3106 nisi
322 3041 361 3106 de
390 3041 486 3125 legali
515 3041 667 3126 conjugio
696 3042 819 3126 prolem
844 3043 1057 3107 masculinam
1075 3044 1184 3127 possi·

230 3143 338 3224 deret3
369 3151 402 3210 et
424 3146 510 3229 quod
533 3150 647 3209 eontra
669 3166 781 3210 omnes
806 3146 953 3210 homines
978 3168 1050 3211 eam
1074 3148 1184 3212 defen-

230 3256 357 3327 sarent3
380 3271 478 3333 quam
493 3249 606 3314 eodem
626 3271 712 3313 anno
727 3249 838 3314 comiti
852 3249 1089 3334 Andegavensi,
1106 3251 1185 3315 Gal-

229 3351 312 3417 frido
326 3353 551 3435 Plantagenet,
566 3352 633 3417 filio
648 3353 809 3432 Falconis,
825 3351 916 3416 dedit
931 3353 967 3415 in
981 3374 1124 3417 uxorem.

283 3456 368 3521 Ab.
402 3458 496 3520 1128.
556 3455 713 3519 Ricardus'
743 3454 980 3520 Londoniensis
1017 3454 1184 3540 episcopus

229 3558 328 3638 obiit3
361 3558 511 3623 successit
539 3558 714 3622 Gilbertus.
761 3558 830 3622 Iste
856 3557 1066 3641 sequentibus
1090 3559 1184 3624 annis

228 3661 420 3726 fortissimus
436 3669 505 3726 erat
521 3661 719 3727 adversarius
734 3669 849 3726 contra
865 3667 1012 3725 sanctum
1027 3661 1184 3727 Thomam

229 3765 503 3849 archiepiscopum
532 3766 810 3831 cantuariensem.
866 3765 1049 3829 Willelmus
1078 3787 1185 3831 comes

229 3868 435 3932 Flandrensis
465 3869 555 3933 obiit.
622 3869 784 3934 Henrieus
814 3868 912 3933 abbas
942 3869 1184 3954 Andegavensis

228 3971 382 4055 precibus,
401 3971 542 4036 obtinuit
563 3995 582 4036 a
600 3992 676 4054 rege
693 3973 837 4037 Henrico
859 3973 1022 4037 abbatiam
1037 3975 1184 4058 Burgen-

229 4095 307 4138 sem.
332 4075 420 4139 Ordo
432 4075 652 4142 Cistercienais
668 4076 772 4159 primo
783 4075 871 4140 venit
885 4077 919 4139 in
930 4077 1100 4160 Angliam.'
1117 4077 1185 4140 Ab·

227 4178 317 4243 batia
336 4179 376 4244 de
391 4179 559 4245 Waverlee
577 4180 714 4244 fundata
733 4187 792 4259 est,
812 4180 878 4244 filia
898 4179 1012 4244 domus
1033 4180 1073 4244 de
1092 4180 1183 4244 Elee-

228 4293 384 4370 mosyna'5
416 4285 476 4351 hoo
504 4293 562 4365 eat,
589 4286 786 4350 transmissis
808 4285 884 4350 illuc
909 4285 947 4350 de
971 4286 1184 4369 Eleemosyna

678 4392 735 4454 aa
