3218 5098
322 584 364 648 74
609 606 808 652 cnuoumou
825 608 970 653 suanm

317 741 417 786 manu
442 721 589 785 Anselmi
611 722 837 808 archiepiscopi
862 724 1113 809 inperpetuum
1137 732 1271 811 remisit,

317 833 445 891 retento
459 832 589 891 tantum
605 828 768 893 electionis
783 837 816 893 et
830 831 988 913 regalium
1002 833 1177 917 privilegio.

360 930 445 994 A.D.
463 932 558 996 1107.
589 931 793 995 Normannia
808 933 958 1013 stabilita,
975 935 1057 1000 etin
1072 939 1269 1020 provinciam

316 1033 455 1110 redacta,
470 1055 528 1096 rex
541 1034 694 1118 Angliam
708 1035 803 1114 redit,
821 1036 983 1102 adducens
1004 1061 1114 1104 secum
1135 1043 1269 1106 comites

316 1137 523 1221 supradictos,
540 1158 619 1220 quos
642 1137 753 1201 statim
775 1144 855 1202 tutae
876 1140 1031 1204 custodiae
1053 1142 1267 1227 mancipavit,

313 1239 462 1325 factoque
477 1242 563 1325 apud
578 1241 762 1305 Londonias
777 1241 921 1321 concilio,
936 1243 972 1306 in
986 1245 1156 1327 praesentia
1170 1248 1267 1311 comi·

313 1349 395 1422 turn,
419 1343 589 1423 baronum,
612 1344 764 1424 militum,
790 1353 822 1408 et
849 1345 986 1409 aliorum
1008 1368 1186 1430 procerum,
1210 1371 1266 1414 rex

312 1447 519 1513 investituras
538 1449 705 1533 praedictas
726 1469 834 1512 coram
856 1449 1011 1532 episcopis
1031 1457 1064 1514 et
1084 1450 1264 1531 abbatibus,

312 1553 368 1635 qui
387 1553 532 1632 aderant,
547 1553 641 1637 plene
660 1552 793 1617 remisit.
839 1553 937 1616 Unde
951 1553 1125 1618 Anselmus
1141 1556 1264 1620 Cantu-
1278 1545 1295 1568 '¹

311 1657 444 1722 ariensis
464 1656 718 1741 archiepiscopus
738 1677 804 1720 uno
827 1655 877 1719 die
898 1677 953 1719 sex
975 1657 1138 1740 episcopos
1161 1680 1264 1747 sacra·

310 1760 366 1839 vit,
383 1761 551 1824 assistente
569 1757 636 1824 sibi
646 1759 790 1824 Gerardo
805 1759 1041 1844 archiepiscopo
1056 1760 1262 1840 Eboracensi,

310 1863 443 1946 aliisque
473 1863 628 1947 episcopis
657 1863 802 1946 plurimis
813 1888 823 1940 ς
854 1862 985 1940 scilicet,
1008 1862 1191 1927 Willelmus
1221 1865 1263 1928 ad

309 1966 521 2045 Wintoniam,
538 1967 684 2048 Rogerus
706 1965 748 2029 ad
771 1965 1002 2044 Saresburiam,
1018 1965 1199 2030 Willelmus
1220 1967 1261 2031 ad

309 2070 477 2149 Esoniam‚
502 2069 700 2152 Reginaldus
724 2068 765 2132 ad
790 2067 1017 2146 Herefordum,
1038 2069 1193 2135 Urbanus
1219 2071 1261 2135 ad

309 2174 526 2256 Glemorgam,
543 2173 639 2236 simul
658 2179 691 2236 et
712 2172 811 2235 semel
826 2172 1002 2236 consecrati
1020 2181 1106 2237 sunt.
1151 2174 1259 2257 Edga·

306 2298 361 2339 rus
384 2298 441 2340 rex
465 2276 635 2340 Scotorum
656 2276 755 2354 obiit,
780 2276 930 2341 successit
953 2276 1137 2341 Alexander
1159 2277 1258 2342 frater

306 2381 385 2464 ejus.
431 2381 543 2445 Plures
558 2379 686 2463 Angliae
701 2385 869 2463 magnates
884 2380 1004 2444 mortui
1019 2387 1106 2444 sunt.

348 2484 505 2548 Amulius
519 2484 607 2568 prior
622 2483 805 2548 Cantuariae
823 2483 928 2547 factus
948 2490 997 2547 est
1018 2483 1116 2548 abbas
1135 2485 1257 2568 Burgi3

303 2587 357 2651 hio
372 2587 605 2666 dormitorium,
621 2586 808 2670 capitulum,
824 2585 1040 2664 refectorium,
1059 2594 1091 2651 et
1111 2608 1256 2678 necessa-

303 2690 388 2754 rium
402 2691 478 2756 fecit
492 2700 686 2769 construere,
703 2710 740 2753 ac
755 2689 870 2772 viginti
888 2688 986 2753 libras
1011 2689 1099 2754 dedit
1118 2712 1255 2755 conven-

301 2793 361 2873 tui,
378 2794 419 2857 ad
433 2815 527 2878 capas
543 2801 574 2858 et
589 2794 652 2858 alia
666 2800 858 2858 ornamenta
873 2793 1018 2857 emenda.

344 2897 430 2962 Ab.
448 2900 543 2962 1108.
582 2898 745 2961 Henricus
760 2917 825 2974 rex,
841 2897 1008 2980 pacificato
1023 2911 1132 2978 regn0,
1147 2896 1254 2979 legem

301 2999 399 3080 dedit,
416 3001 502 3085 quod
516 3002 603 3066 furto
619 3001 835 3084 deprehensus
856 2997 1113 3082 suspenderetur,
1130 3003 1163 3062 et
1182 3020 1250 3062 mo-

299 3115 410 3172 netam
430 3107 527 3172 etiam
543 3106 689 3184 correxit,
706 3105 844 3189 graviter
863 3103 1046 3168 ulciscendo
1066 3103 1102 3167 in
1121 3124 1250 3186 eorrup-

298 3217 383 3274 tores
407 3218 555 3290 monetae,
581 3217 619 3274 ut
644 3209 763 3273 falsarii
789 3208 858 3292 ejus
887 3206 1008 3291 absque
1033 3205 1250 3270 misericordia

298 3313 398 3378 oculis
427 3321 461 3378 et
491 3312 684 3398 genitalibus
720 3311 931 3394 privarentur.
991 3309 1158 3393 Philippus
1193 3330 1249 3373 rex

298 3417 442 3480 Franoiae
457 3417 556 3494 obiit;
580 3415 731 3480 successit
750 3413 932 3479 Ludovicus
952 3412 1038 3476 filius
1058 3413 1139 3496 ejus.
1185 3413 1248 3477 Ge-

295 3519 409 3583 rardus
439 3520 692 3604 archiepiscopus
721 3519 933 3582 Eboraeensis
963 3517 1042 3581 obiit
1053 3543 1063 3596 ;
1095 3519 1247 3582 successit

295 3621 444 3686 Thomas.
491 3623 676 3686 Gundulfus
696 3621 860 3705 episcopus
879 3619 1040 3684 Rcffensis
1056 3619 1154 3698 obiit;
1177 3642 1247 3685 suc·

295 3726 390 3790 cessit
406 3725 570 3789 Ricardus.
614 3724 783 3789 Aldwinus
799 3723 898 3788 abbas
914 3723 1130 3788 Ramesiensis
1150 3724 1246 3809 depo-

294 3829 375 3892 situs
396 3835 454 3890 est.
499 3827 623 3890 Eodem
643 3849 728 3891 anno
749 3826 879 3890 abbatia
896 3827 1034 3890 Eliensis
1054 3835 1181 3893 mutata
1198 3839 1247 3894 est

291 3932 328 3995 in
344 3931 562 4014 episcopatum
580 3951 637 4013 per
653 3951 769 4013 papam
785 3929 983 4008 Pascbalem,
1000 3937 1033 3994 et
1047 3952 1158 4013 regem
1175 3933 1244 3996 An-

292 4035 365 4120 gliae
382 4032 561 4099 Henricum
575 4032 725 4116 primum.

335 4139 419 4204 A.D.
445 4139 540 4202 1109.
573 4137 747 4201 Anselmus
770 4133 1012 4200 Cantuariensis
1035 4137 1243 4220 archiepisco-

289 4270 359 4330 pus,
378 4253 450 4330 post
470 4246 589 4310 multos
610 4245 741 4310 sudores
761 4267 819 4329 pro
835 4245 956 4309 Christi
975 4244 1108 4308 ecclesia
1127 4245 1243 4308 tolera-
