3226 5100
365 569 409 633 64
668 587 865 630 onnonrcon
882 586 1017 630 anons

365 725 439 770 suos
463 725 497 768 se
521 701 640 768 habere
661 702 769 786 jussit,
793 724 834 766 ne
859 702 959 766 freter
984 702 1039 765 siti
1063 701 1202 784 periret:
1226 700 1312 784 quod

364 829 464 892 quum
484 808 623 871 relatum
645 813 728 870 esset
747 805 825 888 regi,
841 805 922 869 dixit
937 805 979 868 ad
993 805 1154 884 comitem,
1170 810 1191 841 “
1201 805 1314 871 Quali·
1435 831 1438 838 ¹

362 917 414 975 ter
428 931 553 994 pugnas
572 916 623 986 tu,
637 908 692 992 qui
712 908 814 992 pascis
835 908 1051 971 adversarium
1059 908 1096 970 l''
1141 909 1184 971 Et
1207 928 1313 972 comes

364 1013 404 1077 ad
427 1013 496 1091 hoc,
513 1011 649 1077 “Quem
672 1011 769 1074 alium
789 1010 922 1074 fratrem
945 1010 1146 1089 habebimus,
1166 1010 1193 1073 si
1213 1010 1313 1073 istum

363 1117 563 1180 amiserimus
574 1115 610 1179 l’'
657 1114 729 1178 Hoc
743 1135 896 1197 responso
911 1135 967 1177 rex
987 1114 1158 1192 emollitus,
1174 1113 1312 1178 obsidio-

362 1242 439 1284 nem
454 1218 606 1296 dissolvit,
623 1225 656 1282 et
676 1239 750 1282 cum
770 1217 926 1282 ambobus
942 1217 1096 1281 fratribus
1109 1218 1145 1280 in
1160 1217 1314 1297 Angliam

364 1324 405 1387 ad
422 1323 534 1387 Scotos
549 1322 787 1386 tumultuantes
798 1320 971 1384 festinavit.
1017 1320 1211 1384 Malcolmus
1226 1320 1314 1383 enim

362 1423 700 1488 Northenhumbriam
722 1429 909 1500 vastaverat,
937 1422 989 1486 oui
1011 1443 1067 1485 rex
1090 1422 1126 1486 in
1151 1423 1315 1506 provincia

364 1525 506 1590 Loudois
532 1526 680 1603 occurrit,
706 1546 785 1608 quos
815 1545 920 1588 comes
950 1524 1111 1589 Robertus
1137 1525 1194 1589 tali
1220 1533 1314 1608 pacto

363 1627 562 1710 pacificavit,
586 1626 672 1710 quod
685 1647 742 1690 rex
759 1627 874 1690 Scotiae
887 1627 956 1709 regi
967 1628 1096 1710 Angliae
1110 1628 1265 1707 obediret,
1281 1636 1314 1692 et

363 1752 420 1794 rex
435 1730 618 1793 Willelmus
639 1727 708 1811 regi
729 1729 905 1793 Malcolmo
927 1729 1097 1794 duodecim
1115 1731 1215 1808 villas,
1236 1753 1315 1814 quas

364 1832 423 1896 sub
438 1839 529 1917 patre
544 1852 602 1896 suo
613 1831 779 1910 habuerat,
791 1831 950 1909 redderet,
963 1840 995 1896 et
1007 1833 1176 1897 duodecim
1190 1855 1314 1898 marcas

364 1935 434 1998 auri
464 1935 598 2019 singulis
624 1934 717 1998 annis
742 1934 842 1998 daret.
900 1935 1014 1998 Gravis
1044 1934 1200 1999 dissensio
1228 1937 1315 1999 inter

365 2037 537 2101 Urbanum
567 2058 682 2119 papam
712 2043 745 2099 et
773 2037 954 2100 Henricum
979 2037 1223 2120 imperatorem,
1258 2039 1315 2102 sed

364 2139 513 2204 Matildis
527 2139 686 2202 marchisa
701 2158 826 2222 semper
840 2139 1013 2203 Urbanum
1028 2141 1220 2204 validissime
1235 2141 1314 2205 fovit

365 2243 472 2306 armis.
517 2242 754 2306 Monasterium
770 2242 971 2326 croylandiae
984 2250 1091 2307 totum
1110 2244 1314 2308 combustum

367 2353 425 2410 est.

409 2449 495 2514 Ar).
510 2449 604 2512 1092.
651 2446 816 2530 Remigius
832 2447 998 2531 episcopus
1012 2449 1180 2512 transtulit
1195 2449 1314 2532 episco-

366 2557 461 2636 patus
491 2552 600 2615 sedem
629 2550 669 2614 de
697 2551 882 2614 Dorcestria
911 2550 951 2615 ad
978 2550 1191 2622 Lincolniam.
1246 2553 1317 2615 Rex

367 2675 442 2718 vero
466 2653 649 2717 Willelmus
681 2653 869 2716 Karleolum
898 2655 1099 2717 restauravit.
1158 2654 1315 2718 Advvinus

366 2758 471 2820 fectus
485 2763 534 2820 est
549 2754 647 2820 abbas
663 2756 702 2819 dc
715 2757 883 2840 Ramesey.
928 2755 1042 2820 Idibus
1058 2756 1207 2820 Octobris
1230 2757 1316 2840 apud

366 2856 644 2922 Wicbeloumbsm
658 2857 802 2920 fulminis
820 2857 903 2920 ictus
925 2858 1043 2921 turrim
1062 2859 1201 2923 eeclesiae
1223 2866 1318 2935 tanta

367 2961 399 3024 vi
425 2961 591 3041 confregit,
615 2967 653 3024 ut
683 2961 849 3025 debilitata
874 2962 1008 3025 materia
1032 2963 1068 3025 in
1090 2970 1177 3026 tecto
1200 2963 1316 3047 ingens

368 3065 513 3129 foramen
527 3064 645 3129 faceret
661 3064 848 3128 admodum
863 3065 1014 3129 humanae
1035 3065 1267 3148 grossitudinis,
1283 3074 1316 3130 et

368 3167 531 3251 ingressus
545 3168 672 3232 trabem
686 3169 859 3232 maximam
874 3168 1047 3251 frangeret,
1060 3190 1156 3251 quam
1171 3177 1316 3251 pertran-

370 3271 454 3335 siens
475 3271 583 3350 etiam,
599 3279 695 3354 caput
715 3271 857 3336 crucifixi
877 3293 952 3336 cum
971 3271 1052 3335 tibia
1071 3271 1203 3335 dextera
1224 3272 1316 3335 dissi-

368 3375 474 3458 pavit:
498 3375 576 3438 odor
590 3375 810 3439 foetidissimus
830 3380 985 3458 sequutus
1003 3381 1062 3452 est,
1081 3381 1114 3438 et
1134 3375 1316 3458 aspersione

369 3498 460 3561 aquae
474 3477 653 3542 benedictae
667 3478 798 3561 fugatus
813 3485 871 3541 est.

411 3580 496 3643 nl).
515 3582 609 3643 1093.
654 3581 704 3643 Ex
719 3579 835 3644 abbate
851 3580 1005 3645 Becoensi
1019 3580 1193 3644 Anselmus
1213 3581 1317 3645 factus

369 3689 419 3746 est
431 3680 683 3765 archiepiscopus
696 3682 947 3761 Cantuariensis,
958 3690 991 3746 et
1002 3682 1087 3765 regis
1099 3685 1317 3748 cancellarius.

371 3783 532 3847 Robertus
558 3784 653 3847 Bloet
675 3784 780 3847 factus
804 3792 853 3848 est
877 3785 1041 3868 episcopus
1071 3785 1317 3863 Lincolniensis,

371 3886 519 3967 Remigio
534 3885 695 3976 defimeto.
742 3889 816 3965 Res,
831 3887 852 3951 i.
865 3908 894 3952 e.
911 3887 1067 3952 Ricardns
1084 3910 1141 3952 rex
1155 3889 1318 3964 Wallano-

370 4012 444 4054 rum
469 3989 564 4073 juxta
592 3989 768 4068 castellum,
796 3991 881 4073 quod
910 3991 1092 4055 Brekenam
1121 3992 1318 4070 nominatur,

371 4093 493 4157 occisus
517 4101 565 4157 est
589 4093 624 4156 in
647 4092 741 4172 bell0,
767 4100 799 4157 et
824 4093 988 4158 desierunt
1013 4115 1104 4178 reges
1128 4115 1264 4177 regnare
1283 4095 1320 4158 in

370 4197 499 4262 Wallia.
552 4198 745 4262 Malcolmus
771 4218 827 4260 rex
858 4197 974 4262 Scotiae
1003 4218 1077 4262 cum
1106 4196 1320 4281 primogenito
