3216 5104
301 575 365 638 142
596 592 796 638 carourcou
813 591 949 634 Arcum

298 713 502 774 consecratus
516 714 566 772 est
580 708 746 792 epiecopus
762 708 997 774 Liucolniensis
1012 708 1199 787 Icndoniae,
1212 708 1252 773 ab

298 815 533 900 archiepiscopo
551 814 777 879 Cantuariensi
799 814 975 878 Bonifacio.
1021 813 1132 878 Rediit
1154 815 1253 878 etiam

297 940 353 982 rex
374 918 502 1000 Angliae
525 916 566 982 de
589 917 758 997 Gasconia,
780 917 867 982 facto
888 916 991 981 milite
1013 916 1080 980 filio
1103 937 1163 980 suo
1187 917 1254 980 Ed-

297 1021 413 1099 uardo,
438 1026 471 1084 et
495 1041 595 1084 uxore
619 1020 681 1085 sibi
706 1025 871 1103 assumpta
893 1020 959 1083 filia
981 1019 1067 1100 regis
1091 1019 1250 1084 Castellae.

298 1124 385 1188 Item
403 1121 615 1189 demandato
635 1121 758 1186 domini
775 1143 866 1206 papae
884 1121 1070 1186 Innocentii
1085 1121 1136 1186 IV
1157 1121 1253 1185 dede·

297 1233 376 1292 runt
405 1227 512 1292 clerici
537 1233 570 1291 et
598 1225 738 1309 religiosi
764 1225 903 1290 decimas
928 1224 1008 1308 regi,
1036 1223 1076 1288 de
1099 1224 1195 1288 terris
1218 1230 1252 1288 et

298 1330 455 1395 reditibus
484 1329 569 1394 suis:
606 1335 639 1393 et
668 1329 782 1394 eodem
812 1349 899 1392 anno
928 1326 1009 1392 obiit
1039 1326 1252 1392 Innocentius

300 1455 384 1518 papa
406 1433 468 1512 IV,
491 1432 544 1497 cui
568 1433 720 1496 successit
737 1431 922 1496 Alexander
945 1431 1006 1494 IV.
1052 1430 1191 1494 Thomas
1215 1430 1256 1494 de

299 1536 414 1615 Welle,
433 1535 531 1601 abbas
554 1535 764 1620 Oroylandiae,
784 1534 889 1599 David
907 1533 1007 1598 abbas
1030 1532 1071 1597 de
1091 1534 1251 1617 Thorney,

299 1644 331 1703 et
345 1639 529 1702 Willelmus
544 1637 642 1703 abbas
657 1639 697 1702 de
713 1637 879 1720 Ramesey‚
895 1635 1056 1701 obierunt.

343 1741 536 1806 A.1).1255.
566 1741 743 1806 Crucifixus
759 1747 808 1804 est
824 1742 859 1824 [a
873 1741 894 1803 J
895 1739 1010 1823 udaeis]
1029 1739 1160 1823 quidam
1174 1759 1255 1823 puer

301 1845 514 1923 Christianus,
539 1845 671 1909 nomine
693 1842 803 1927 Hugo,
827 1849 923 1908 aetate
944 1864 1060 1908 novem
1082 1862 1253 1921 annorum,

301 1947 388 2032 apud
410 1947 630 2012 Lincolniam:
656 1952 850 2030 quapropter
872 1946 968 2010 multi
994 1951 1071 2010 sunt
1097 1945 1254 2028 suspensi,

301 2055 334 2114 et
349 2050 414 2114 duo
428 2050 525 2114 tracti
539 2050 725 2115 Londcniae.
761 2049 852 2114 Obiit
865 2047 1029 2112 Walterur
1044 2047 1255 2126 Eboracensis

302 2153 556 2238 archiepiscopus
564 2179 575 2232 3
598 2153 652 2218 cui
667 2153 819 2218 successit
836 2152 1010 2217 Sevaldus.

343 2257 430 2320 A.D.
447 2259 543 2321 1256.
579 2257 793 2322 Consecratur
808 2261 858 2320 est
873 2255 1028 2338 magister
1043 2253 1206 2318 Sewaldus
1220 2251 1257 2315 in

302 2358 574 2443 archiepiscopum
585 2360 832 2438 Eboracensem,
846 2365 878 2423 et
894 2378 1066 2442 suspensus
1082 2362 1131 2421 est
1147 2355 1257 2420 statim

303 2460 344 2525 ab
367 2461 470 2526 officio
493 2483 552 2526 suo
574 2483 632 2546 per
654 2461 806 2526 clericum
832 2461 955 2526 domini
978 2482 1068 2545 papae
1090 2458 1255 2543 usquead

302 2564 428 2630 obitum
442 2585 558 2643 suum;
582 2572 615 2629 et
629 2564 691 2629 hoo
705 2587 788 2650 papa
802 2565 972 2649 ignoravit.
1002 2564 1168 2647 Principes
1179 2563 1256 2627 Ale-

302 2668 444 2732 menuiae
462 2667 589 2750 imperii
608 2668 762 2732 electores
782 2668 818 2732 in
838 2667 904 2732 duo
926 2689 960 2732 se
983 2667 1172 2742 dividentes,
1189 2665 1258 2749 qui-

303 2771 379 2836 dam
406 2791 517 2854 regem
547 2770 704 2849 Castellae‚
735 2771 866 2854 quidam
897 2770 1070 2836 Ricardum
1106 2769 1258 2834 comitem

305 2873 477 2938 Comubiae
492 2873 533 2937 ed
546 2873 718 2956 imperium
733 2874 911 2958 elegerunt.
953 2873 1112 2937 Ricardus
1127 2893 1260 2937 corona-

302 2980 357 3040 tus
372 2980 422 3040 est
436 2997 456 3039 a
469 2975 536 3039 suis
551 2975 738 3040 Mediolano
753 2976 803 3039 die
819 2975 922 3040 sancti
937 2974 1066 3044 Hilarii.

347 3079 433 3143 Ab.
450 3081 546 3145 1257.
586 3079 749 3145 Henricus
770 3100 826 3143 rex
848 3079 979 3162 Angliae
1000 3077 1181 3142 Wallenses
1205 3077 1259 3140 de·

303 3182 443 3262 bellavit,
460 3203 479 3246 5
494 3182 611 3266 quibus
626 3181 770 3246 devictus
785 3181 827 3246 ad
840 3182 969 3266 proprie
982 3181 1088 3246 rediit.

347 3287 546 3351 Α.1).1258.
585 3286 675 3351 Obiit
694 3287 848 3369 magister
869 3285 1032 3350 Sevvaldus
1053 3283 1261 3368 archiepisco-

303 3411 365 3473 pus
380 3388 592 3454 Eborecensis
600 3414 611 3468 3
634 3388 686 3454 cui
702 3389 854 3454 successit
868 3388 1023 3472 magister
1039 3387 1206 3453 Goffridus
1222 3387 1262 3450 de

306 3491 468 3556 Ludham.
512 3491 603 3557 Obiit
627 3490 789 3557 Henricus
813 3492 980 3576 episcopus
1006 3489 1262 3567 Isincolniensis5

306 3595 359 3660 cui
381 3595 532 3659 successit
554 3596 709 3678 magister
730 3595 888 3660 Ricardus
907 3595 947 3659 de
963 3594 1160 3672 Gravesend,
1176 3592 1263 3677 apud

307 3696 516 3761 Cantuariam
536 3705 749 3763 consecratus.
794 3699 918 3764 Eodem
939 3720 1025 3762 anno
1046 3698 1165 3781 provisi
1185 3697 1264 3760 duo-

308 3799 412 3865 decim
435 3799 618 3878 consiliarii,
644 3801 700 3885 qui
722 3823 790 3866 una
815 3824 889 3866 cum
911 3823 986 3886 rege
1009 3801 1196 3866 ordinarent
1224 3801 1264 3863 de

303 3903 754 3989 regnohngliae,quimu1ta
773 3907 1014 3986 ordinaverunt,
1035 3913 1068 3971 et
1090 3906 1132 3970 ad
1154 3927 1193 3968 ea
1213 3912 1263 3968 te·

307 4009 416 4075 nenda
430 4029 543 4074 omnes
563 4008 604 4072 de
623 4029 725 4091 regno
739 4015 808 4073 tam
823 4010 904 4074 servi
920 4031 1018 4094 quam
1031 4009 1125 4074 liberi
1136 4009 1265 4092 jurave-

307 4119 396 4179 runt.
441 4113 505 4178 Per
524 4113 583 4178 hos
605 4113 700 4197 ejecti
719 4119 796 4178 sunt
815 4114 931 4179 fratres
950 4113 1036 4198 regis
1055 4112 1176 4196 pariter
1190 4131 1265 4174 cum

306 4214 418 4280 multis
429 4214 618 4300 alienigenis
630 4214 670 4280 de
680 4220 776 4281 terra.
798 4215 1032 4298 Maguafames
1042 4214 1262 4282 eratinterra.
1312 4268 1315 4274 .
