3216 5104
374 653 437 719 186
675 672 872 717 cnsourcou
889 673 1025 716 1111111111

373 791 425 855 cui
451 791 603 856 successit
633 791 668 856 in
698 792 919 876 episcopatum
943 790 1184 857 Norwioensem
1208 791 1335 856 Willel-

374 916 447 958 mus
471 895 511 959 de
537 895 766 978 Raulingham.
818 897 957 960 Sanctus
981 895 1175 960 Edmundus
1197 917 1334 960 cernens

374 998 516 1082 quotidie
530 998 759 1082 injuriosorum
773 999 931 1062 malitiam
945 1000 1127 1083 praevalere,
1144 1008 1176 1063 et
1195 999 1334 1083 privatas

372 1101 606 1165 admonitiones
627 1123 664 1166 ac
684 1101 920 1166 obsecrationes
940 1101 1023 1166 nihil
1047 1102 1179 1167 omnino
1200 1102 1333 1181 efficere,

373 1225 448 1267 cum
464 1203 674 1288 suffraganeis
689 1205 824 1270 concilio
838 1204 961 1284 habito,
973 1205 1112 1290 injustos
1127 1212 1334 1289 occupatores

372 1305 571 1386 libertatum,
594 1308 740 1392 jurisque
764 1308 1007 1373 Cantuariensis
1037 1309 1178 1373 ecclesiae
1207 1315 1333 1392 pertur-

371 1407 510 1489 batores,
540 1417 650 1493 aperte
680 1410 954 1474 excommunicat:
993 1431 1159 1496 quumque
1189 1432 1250 1474 nec
1272 1412 1331 1474 tali

371 1511 468 1576 modo
490 1519 633 1576 errantes
656 1513 771 1595 corrigi
794 1513 1002 1596 conspiceret,
1019 1512 1185 1596 sciensque
1208 1513 1331 1577 domini

370 1635 461 1698 papae
475 1615 621 1698 legatum
634 1636 784 1679 nummos
805 1636 843 1678 ac
862 1637 999 1680 munera
1014 1637 1166 1699 quaerere,
1182 1616 1330 1682 recedere

371 1720 541 1786 demedio
571 1719 747 1806 Babylonis
777 1720 877 1802 gratis
907 1720 1014 1803 elegit,
1039 1720 1330 1806 Pontiniaoumque

373 1822 483 1887 adivit.

422 1926 624 1990 A.D.1240.
686 1925 824 1990 Sanctus
853 1923 1056 2005 Edmundus‚
1087 1925 1329 1992 Cantuariensis

371 2027 635 2113 archiepiscopus,
651 2027 737 2112 apud
756 2029 896 2092 Francos
910 2028 1061 2112 migravit
1079 2029 1120 2093 ad
1140 2030 1328 2111 Dominum,

365 2138 404 2195 et
418 2131 600 2196 Pontiniaoi
616 2131 768 2215 sepelitur
775 2157 785 2209 3
809 2131 861 2194 cui
877 2132 1028 2196 successit
1043 2132 1228 2197 Bonifatius
1244 2135 1326 2197 Bur-

370 2233 508 2316 gimdus.
556 2235 626 2298 Rex
648 2233 810 2298 Henricus
831 2234 907 2298 fecit
925 2235 1029 2319 jurari
1048 2235 1237 2299 fidelitatem
1259 2237 1327 2302 filio

369 2359 427 2402 suo
441 2338 598 2403 Eduardo
614 2361 633 2403 a
647 2339 769 2403 civibus
784 2338 971 2418 Londoniae,
988 2346 1021 2403 et
1036 2339 1106 2402 aliis
1127 2341 1221 2424 regni
1236 2364 1326 2425 mag-

367 2440 509 2505 natibus.
553 2441 678 2506 Eodem
701 2464 787 2506 anno
812 2441 925 2524 regina
950 2442 1074 2526 peperit
1099 2442 1209 2522 filiam,
1234 2444 1324 2508 Mar-

367 2549 513 2626 garetam
534 2543 734 2608 nominatam
743 2571 752 2623 3
777 2544 996 2628 Ricardusque
1019 2565 1125 2609 comes
1141 2546 1322 2626 Cornubiae‚

366 2653 400 2710 et
414 2646 513 2710 frater
527 2647 621 2730 regis,
636 2647 857 2712 transfretavit
876 2669 985 2712 versus
1005 2648 1137 2712 Terram
1158 2650 1322 2715 Sanctam.

364 2748 508 2814 Abbatia
537 2750 577 2814 de
607 2748 722 2834 Haylis
753 2750 793 2815 ab
823 2749 937 2815 eodem
965 2751 1050 2816 circa
1077 2752 1147 2818 haec
1176 2757 1323 2837 tempora

365 2851 502 2916 fundata
516 2858 575 2930 est,
591 2852 657 2915 lilia
672 2851 711 2916 de
727 2853 818 2917 Bello
833 2853 921 2918 Loco
937 2853 1046 2936 Regis.

409 2954 494 3020 A.D.
520 2957 614 3020 1241.
660 2955 731 3019 Rex
752 2953 916 3020 Henricus
938 2977 1074 3027 aureum
1093 2957 1259 3038 feretrum,
1280 2959 1321 3022 ad

363 3058 586 3142 reponendum
600 3057 751 3141 reliquias
765 3059 870 3123 sancti
884 3057 1035 3122 Edwardi
1050 3059 1134 3143 regis
1149 3067 1182 3124 et
1197 3061 1319 3126 confes-

364 3162 443 3226 soris
459 3162 545 3246 apud
555 3161 890 3241 Westmonasterium‚
906 3161 982 3227 fecit
997 3184 1037 3226 ex
1051 3162 1234 3247 sumptibus
1247 3186 1319 3248 pro-

361 3266 441 3351 priis
469 3266 628 3332 fabricari.
672 3265 780 3332 Natus
810 3270 859 3329 est
888 3265 1092 3345 Edmundus‚
1116 3267 1201 3330 filius
1223 3267 1318 3350 regis,

363 3369 499 3453 proavus
522 3369 644 3435 domini
663 3368 808 3448 Hemici,
832 3368 922 3432 ducis
942 3368 1148 3449 Lancastriae,
1165 3370 1220 3454 qui
1239 3370 1320 3434 obiit

363 3472 448 3536 A.D.
466 3474 561 3537 1340.
606 3472 741 3556 Eclipsis
762 3472 849 3536 lunae
869 3478 984 3555 quarto
997 3472 1210 3536 kalendarum
1225 3471 1318 3553 Maii,

361 3581 395 3638 et
417 3574 541 3659 eclipsis
564 3575 638 3640 solis
660 3582 729 3641 erat
752 3574 892 3639 secundo
915 3575 989 3641 idus
1012 3576 1171 3641 Octobris.
1216 3576 1316 3641 Inno-

360 3677 486 3742 centius
500 3699 584 3762 papa
598 3679 648 3743 IV
663 3678 703 3743 ab
723 3679 917 3764 imperatore
935 3679 972 3742 in
987 3680 1092 3744 Roma
1109 3679 1265 3760 obsessus,
1279 3680 1316 3744 in

360 3779 464 3844 forma
492 3782 639 3865 pauperis
669 3781 709 3846 de
738 3781 888 3847 manibus
917 3782 1019 3847 hostis
1045 3783 1154 3863 evasit,
1181 3789 1214 3848 et
1240 3805 1315 3848 cum

360 3884 384 3948 J
385 3883 577 3949 anuensium
591 3884 709 3949 auxilio
722 3885 759 3949 in
773 3886 896 3951 Gallias
911 3886 1050 3951 devenit.
1083 3886 1173 3951 Otho
1187 3886 1314 3970 legatus

360 3987 397 4052 in
419 3985 549 4071 Anglia,
570 3991 603 4051 et
626 3987 767 4052 Jacobus
791 3988 1010 4053 Praenestinus
1031 3988 1068 4052 in
1089 3988 1234 4068 Francia,
1257 4010 1314 4073 per

360 4091 494 4156 Pisanos
523 4089 705 4173 capiuntur,
736 4099 769 4157 et
798 4092 983 4177 imperatori
1009 4115 1084 4158 cum
1109 4093 1221 4159 multis
1244 4094 1314 4158 aliis

360 4193 500 4277 praelatis
536 4192 815 4259 commendantur.
875 4194 966 4261 Obiit
1003 4196 1137 4262 domina
1173 4195 1315 4262 Hauisia

362 4295 501 4381 Ouincy,
517 4296 679 4362 comitissa
694 4297 880 4364 Lincolniae.
