3218 5098
625 655 916 700 resarsuaonnsa.
1204 637 1248 700 47

295 794 407 836 verum
420 772 505 857 ipsas
520 772 698 838 oblationes
711 774 857 838 fidebam
877 772 918 838 ab
939 771 1094 838 altaribus
1112 779 1249 858 ereptas,

295 876 387 959 quasi
408 875 495 941 licite
516 876 626 956 libere,
648 877 724 961 quia
744 877 835 943 nullo
858 897 892 942 se
913 896 1074 962 opponere
1097 875 1247 956 audente,

295 979 462 1063 magisque
483 1001 520 1044 ac
543 980 645 1063 magis
664 980 767 1044 indies
785 987 979 1065 occuparent
988 1006 997 1058 ς
1020 979 1194 1064 impetrata
1208 978 1249 1045 ab

294 1081 489 1165 imperatore
510 1083 651 1162 licentia,
669 1083 735 1148 vim
754 1084 786 1148 vi
805 1083 909 1148 valide
930 1083 1123 1168 repellebat3
1147 1089 1180 1148 et
1201 1083 1251 1148 ita

294 1190 334 1248 ut
352 1185 388 1248 in
408 1184 497 1249 brevi
515 1186 620 1269 primo
634 1185 822 1266 oblationes,
838 1186 954 1251 deinde
968 1192 1108 1252 remotas
1125 1207 1248 1271 posses-

293 1287 409 1368 siones,
426 1289 515 1352 caesis
529 1289 695 1354 nonnullis
711 1289 907 1369 adversariis,
920 1313 985 1354 suae
1001 1288 1141 1355 ecclesiae
1155 1290 1248 1354 resti-

294 1398 401 1455 tueret
412 1417 421 1469 ;
463 1392 552 1456 unde
578 1413 680 1476 quum
704 1393 802 1458 morti
831 1393 1065 1473 succumberet,
1092 1400 1249 1478 tanquam

296 1497 548 1580 sanguinarium,
564 1519 632 1568 non
649 1499 735 1562 inter
753 1520 895 1564 summos
910 1498 1077 1583 pontifices
1092 1499 1247 1584 sepelien-

296 1601 385 1680 dum,
408 1600 466 1666 sed
485 1601 615 1685 longius
640 1602 884 1688 projiciendum,
908 1602 1084 1668 cardinales
1107 1601 1250 1667 interae

298 1704 531 1770 decernebant:
555 1705 643 1791 quod
661 1705 729 1791 ipse
749 1706 893 1786 audiens,
909 1705 1094 1789 gravissime
1111 1703 1188 1770 tulit
1207 1704 1248 1770 ab

294 1807 371 1891 ipsis
393 1808 467 1872 filiis
491 1807 642 1888 ecclesiae,
665 1831 724 1892 pro
748 1808 865 1892 quibus
894 1808 1003 1872 omnia
1025 1807 1155 1886 fecerat,
1177 1812 1247 1872 tam

296 1911 430 1995 indigne
451 1931 486 1976 se
508 1911 696 1996 dijudicari;
718 1912 806 1975 unde
827 1911 935 1976 divino
955 1909 1096 1976 examini
1118 1931 1249 1976 causam

299 2034 393 2077 snam
414 2014 585 2093 commisit,
608 2014 736 2079 dicens:
760 2014 915 2099 “Corpus
936 2033 1047 2078 meum
1069 2019 1249 2078 antecesso-

296 2135 371 2179 rum
392 2137 481 2181 more
500 2117 714 2202 compositum
734 2123 810 2182 ante
828 2117 945 2202 januas
965 2114 1106 2182 ecclesiae
1126 2115 1248 2196 sistite;

295 2219 405 2303 januae
419 2219 497 2284 seris
516 2227 549 2286 et
566 2221 728 2306 repagulis
742 2220 949 2300 damnentur,
965 2219 992 2284 si
1007 2219 1096 2284 Deus
1111 2220 1249 2285 voluerit

299 2329 338 2387 ut
361 2322 533 2406 ingrediar,
558 2324 758 2409 applaudetis
783 2323 958 2402 miracul03
990 2323 1184 2403 sinautem,
1209 2322 1250 2388 de

296 2425 447 2491 cadavere
461 2427 558 2492 facite
578 2426 664 2512 quod
683 2427 872 2512 placuerit?
919 2427 1036 2511 Sicque
1056 2427 1180 2502 factum
1200 2431 1249 2492 est

296 2536 393 2614 prout
416 2531 609 2615 apostolicus
632 2531 673 2597 de
698 2532 802 2616 seipso
821 2521 979 2616 jusserat:
1008 2553 1108 2616 quum
1133 2552 1249 2614 corpus

296 2634 364 2717 ejus
379 2634 604 2717 pontificaliter
619 2641 809 2719 apparatum
831 2641 907 2699 ante
927 2635 1010 2698 fores
1028 2634 1168 2699 ecclesiae
1191 2633 1247 2697 ob-

296 2742 417 2800 seratas
439 2735 560 2816 staret}
580 2737 678 2802 turbo
692 2737 824 2802 veniens
844 2737 928 2802 fores
950 2737 1111 2822 repagulis
1133 2736 1246 2801 solutis

295 2845 435 2918 reserat3
458 2839 568 2904 atille
591 2861 667 2904 cum
691 2840 836 2924 patribus
859 2839 926 2904 suis
944 2841 1040 2924 juxta
1060 2839 1247 2905 condictum

297 2943 472 3008 honorifice
488 2944 640 3028 sepelitur
648 2969 658 3023 3
681 2945 734 3008 cui
748 2945 900 3009 successit
916 2944 1066 3009 Clemens
1078 2944 1126 3009 II.

348 3047 434 3113 AD.
467 3049 562 3112 1046.
618 3047 768 3112 Clemens
797 3049 836 3112 II
865 3046 945 3112 obiit
955 3073 966 3126 ς
1004 3047 1057 3112 cui
1094 3045 1245 3110 successit

255 3155 261 3160 “
298 3148 458 3214 Damasus
472 3150 521 3228 II,
536 3149 593 3233 qui
607 3150 718 3234 Poppo
738 3158 834 3215 antea
853 3150 957 3215 dictus
978 3157 1056 3216 erat.
1103 3151 1167 3215 Hic
1181 3150 1245 3216 fuit

294 3251 424 3317 invasor
438 3252 522 3316 sedis
537 3253 728 3336 apostolicae,
739 3259 778 3340 et
793 3253 900 3318 subito
915 3252 995 3318 obiit
1003 3278 1013 3331 3
1029 3253 1081 3317 cui
1096 3253 1247 3317 successit

296 3375 336 3418 ex
349 3356 504 3421 Bnmoue
520 3355 664 3439 Spirensi
685 3357 831 3440 episcopo
854 3356 921 3420 Leo
941 3356 986 3433 X,
1029 3354 1094 3418 Hic
1115 3362 1245 3420 sanctus

297 3464 376 3522 erat.

340 3562 425 3626 AD.
443 3564 538 3628 1047.
583 3561 736 3646 Magnus,
752 3585 809 3628 rex
826 3561 1016 3646 Norwegiae,
1039 3561 1123 3626 filius
1146 3557 1249 3626 sancti

296 3665 390 3730 Olavi
403 3665 497 3749 regis,
515 3665 661 3730 Suanum
677 3666 717 3731 de
731 3667 833 3733 Dacia
847 3665 978 3751 expulit.

341 3769 426 3832 AD.
452 3771 547 3832 1048.
591 3770 698 3834 'Perrae
720 3777 828 3850 motus
854 3769 890 3832 in
915 3770 1045 3853 Anglia,
1072 3776 1105 3834 et
1127 3791 1248 3853 magna

295 3871 366 3935 lues
394 3871 565 3936 bominum
589 3879 622 3936 et
648 3874 880 3957 jumentorum.
939 3873 1058 3951 Daber,
1085 3894 1248 3937 successor

297 3974 422 4057 Equen,
438 3974 604 4052 ecclesiam
619 3983 737 4040 sanctae
753 3975 1008 4040 Resurrectionis
1028 3977 1050 4040 J
1051 3976 1246 4061 erosolymis,

297 4075 338 4139 ad
363 4076 554 4160 petitionem
576 4077 715 4142 Romani
740 4077 941 4162 imperatoris
967 4099 1121 4163 expensas
1147 4077 1247 4141 admi-

296 4178 475 4258 nistrantis,
491 4179 675 4244 reaedificari
689 4180 854 4246 concessit.
900 4181 1059 4246 Dominus
1073 4181 1247 4263 Wulgatus

298 4281 398 4346 abbas
420 4281 461 4346 de
481 4283 661 4367 Peykyrke,
682 4284 798 4349 amissa
819 4283 894 4348 sede
917 4282 1054 4348 abbatiae
1076 4305 1151 4362 suae,
1174 4303 1249 4346 cum
