3212 5102
323 629 369 690 94
628 647 824 692 cunomcou
841 647 977 692 suumn
1028 709 1032 718 Ι

327 761 462 826 Henrici
483 761 685 846 primi'regis
707 763 899 847 Auglorum,
923 765 963 829 de
985 761 1103 829 comite
1124 765 1278 850 Andaga-

324 863 384 930 viae
413 865 554 947 genitus,
582 865 688 930 David
716 887 827 950 regem
858 867 1026 931 Scotorum
1057 868 1147 948 adiit,
1172 889 1279 953 aquo

324 967 499 1034 honorifice
522 975 679 1051 receptus,
703 969 802 1033 etiam
826 969 979 1034 militaria
1004 991 1094 1034 arma
1118 973 1278 1055 suscepit:

325 1072 413 1136 unde
434 1073 525 1154 quasi
544 1073 730 1137 tirocinium
750 1096 846 1137 suum
862 1074 1066 1139 dedicaturus
1081 1097 1156 1139 cum
1170 1098 1279 1160 proce·

324 1175 414 1240 ribus
430 1176 691 1256 occidentalibus,
710 1185 743 1242 et
766 1177 872 1241 David
893 1198 966 1242 cum
992 1176 1106 1258 Sectis,
1124 1181 1214 1264 quasi
1235 1180 1279 1244 ir·

325 1278 508 1362 ruptionem
529 1279 566 1342 in
587 1281 709 1364 regales
729 1279 847 1345 facturi
868 1289 1116 1366 congregantur.
1161 1283 1279 1348 Eusta-

326 1385 417 1450 chius
431 1386 517 1450 filius
531 1387 616 1470 regis
634 1386 800 1472 Stephani,
812 1387 940 1472 juvenis
956 1388 1070 1467 alacer,
1086 1393 1188 1452 terras
1205 1410 1279 1472 pro·

325 1510 445 1567 oerum,
461 1488 516 1572 qui
536 1510 610 1554 cum
625 1487 770 1555 Hemico
792 1496 895 1569 erant,
912 1490 1116 1574 depraedatur
1138 1498 1170 1555 et
1193 1512 1279 1556 com-

325 1592 423 1672 burit,
439 1591 603 1657 civitatem
617 1591 795 1658 Wintoniae
816 1593 971 1673 incendit,
994 1614 1055 1657 nec
1076 1601 1189 1658 tamen
1211 1616 1279 1660 cas·

324 1697 440 1762 tellum
455 1695 552 1780 capit.

368 1802 453 1866 A.D.
479 1802 575 1864 1150.
620 1799 822 1865 Theobaldus
852 1799 1106 1883 archiepiscopus
1136 1801 1279 1865 Cantus·

325 1905 440 1970 niensis
462 1903 642 1969 Londoniae
664 1904 835 1968 concilium
859 1903 1009 1982 celebrat,
1025 1903 1078 1967 cui
1100 1924 1157 1968 rex
1178 1904 1279 1968 inter-

325 2009 407 2087 mit,
440 2008 622 2091 iterumque
652 2007 820 2073 castellum
848 2007 1027 2072 Wintoniae
1056 2005 1192 2086 obsidet,
1223 2006 1280 2071 sed

324 2109 454 2175 frustra.
501 2107 665 2174 Galfridus
678 2108 794 2174 'comes
816 2105 1013 2194 Andegaviae
1035 2109 1134 2188 obiit;
1158 2110 1278 2174 Henri-

325 2235 382 2278 cus
396 2214 482 2276 filius
502 2213 571 2296 ejus
591 2212 626 2275 in
646 2213 836 2276 comitatum
852 2211 1004 2276 successit
1019 2212 1232 2278 Normanniae
1247 2219 1279 2278 et

325 2315 541 2400 Andegaviae:
564 2316 714 2399 factoque
738 2315 873 2380 divortio
895 2315 982 2381 inter
1005 2316 1206 2381 Ludovicum
1228 2339 1278 2382 re-

326 2441 399 2503 gem
415 2419 567 2498 bhanciae,
580 2426 614 2484 et
628 2420 823 2498 Elienoram,
839 2419 939 2483 filiam
954 2424 987 2483 et
1001 2418 1165 2499 haeredem
1180 2420 1278 2504 comi·

325 2524 368 2588 tis
397 2523 594 2588 Pictavensis
624 2529 657 2586 et
687 2522 880 2607 Aquitaniae,
907 2544 1040 2587 uxorem
1071 2545 1172 2603 suam,
1203 2524 1279 2608 quia

325 2626 463 2712 proximi
491 2632 583 2690 erant
616 2627 774 2710 sanguine
785 2653 795 2705 3
828 2624 992 2691 Henricus
1023 2647 1094 2691 eam
1124 2627 1214 2692 ducit
1242 2627 1278 2692 in

324 2751 468 2809 uxorem,
484 2751 559 2794 cum
574 2729 717 2794 Pictavia
731 2735 764 2794 et
779 2729 957 2813 Aquitania
976 2729 1065 2794 illam
1081 2750 1278 2814 consequen-

324 2833 423 2898 tibus
468 2832 650 2897 Ludouicus
680 2833 769 2897 dedit
799 2853 941 2897 sororem
971 2853 1063 2896 suam
1080 2833 1277 2913 ¹Eustochio,

324 2936 392 3002 filio
411 2936 496 3020 regis
518 2936 685 3021 Stephani,
705 2937 741 3000 in
762 2957 904 3014 uxorem,
920 2942 954 3000 et
969 2935 1152 3000 Henricum
1171 2937 1278 3001 debel-

325 3041 381 3106 lat.
427 3039 554 3103 Cumba
1173 3089 1177 3094 .

368 3144 454 3208 An.
471 3145 569 3208 1151.
612 3143 704 3208 Obiit
720 3142 888 3208 conradus
908 3141 1100 3225 imperator3
1132 3142 1185 3206 cui
1207 3164 1278 3207 suc·

325 3249 420 3316 cessit
435 3248 623 3314 Fredericus
638 3248 770 3332 primus.
816 3245 907 3312 Obiit
923 3245 1097 3324 Saffredus,
1114 3247 1277 3330 quondam

331 3352 537 3439 [Cestrensis]
558 3352 734 3436 episcopus,
748 3351 785 3414 in
805 3350 912 3414 insula
931 3350 1034 3428 Mere,
1056 3348 1114 3413 ubi
1135 3350 1278 3433 privatus

324 3457 413 3522 vixit.
459 3458 530 3520 Rex
554 3455 737 3538 Stephanus
756 3454 861 3517 filium
884 3474 979 3516 suum
993 3453 1211 3532 Eustachium,
1229 3475 1277 3517 sa-

323 3561 406 3644 tagit
429 3559 621 3625 omnimodis
644 3578 814 3637 coronare,
845 3555 901 3621 sed
923 3555 1078 3620 mandato
1104 3557 1279 3639 apostolico

323 3664 358 3728 id
379 3663 581 3747 prohibente,
597 3661 737 3744 episcopi
751 3667 791 3724 et
810 3659 935 3743 praelati
954 3659 1110 3723 resistunt
1125 3659 1276 3724 universi.

325 3767 500 3831 Gratianus
515 3764 702 3843 monachus,
719 3763 758 3827 de
775 3762 873 3826 Clusa
887 3761 1015 3826 civitate
1026 3762 1154 3827 Tusciae'
1168 3769 1277 3842 natus,

325 3871 454 3934 decreta
487 3865 678 3950 compilavit.
738 3865 862 3929 Floruit
892 3863 1048 3928 Ricardus
1086 3864 1125 3930 de
1157 3866 1277 3931 Sancto

325 3974 465 4051 Victore,
482 3977 514 4035 et
529 3970 683 4054 magister
698 3970 799 4053 Hugo
814 3968 853 4033 de
870 3968 990 4032 Sancto
1004 3969 1136 4033 Victore
1143 3994 1154 4047 ;
1170 3968 1227 4032 sed
1244 3978 1277 4034 et

324 4078 441 4142 Petrus
471 4072 683 4152 Lombardus,
714 4073 770 4158 qui
799 4071 984 4156 compilavit
1013 4071 1112 4149 libros
1147 4079 1275 4136 senten-

322 4181 453 4246 tiarum.
509 4178 573 4242 Hic
601 4177 675 4241 finit
705 4176 865 4241 Chronica
895 4175 1030 4238 Henrici
1065 4172 1275 4256 Huntingdo-

323 4284 444 4349 nensis.
487 4281 630 4348 Abbatia
644 4281 684 4346 de
700 4282 800 4347 Holm
812 4281 907 4364 juata
922 4278 1063 4343 Scotiam
1078 4277 1242 4342 fundatur.
