3212 5102
594 607 883 654 rnrnraunannsr.
913 645 940 655 ,.
1171 595 1214 657 97

303 727 390 794 Aa).
404 730 499 810 1159,
544 727 706 793 Adrianus
727 750 810 813 papa
829 728 927 793 obiit:
951 726 1103 793 successit
1117 728 1214 794 Aler-
1270 774 1272 783 ·

261 829 363 893 ander
384 828 452 893 ΠΙ.
497 826 562 894 Hic
583 824 669 895 uicit¹
685 837 823 914 quatuor
848 831 1083 896 schismaticos:
1117 832 1213 896 Octa·

261 931 404 1011 vianum,
421 931 614 1013 Gnidonem,
631 933 652 995 J
653 933 814 998 ohannem
831 933 1064 1014 Strumcnscm,
1080 940 1113 998 et
1128 935 1214 999 Lau-

262 1032 391 1098 donem.
435 1034 564 1098 Primus
586 1055 620 1098 se
641 1034 717 1099 fecit
739 1035 845 1102 vocari
859 1036 1035 1117 Victorem,
1056 1036 1215 1101 secundus

136 1143 140 1152 ‘
262 1137 460 1216 Paschalem,
475 1137 592 1201 tertius
616 1137 795 1216 Kalixtum,
816 1145 950 1221 quartus
972 1139 1214 1219 Innocentium,

262 1261 399 1323 quorum
420 1245 487 1303 tres
511 1239 645 1304 fuerunt
667 1239 846 1324 presbytcri
869 1240 1058 1321 cardinales,
1081 1243 1137 1325 qui
1157 1262 1215 1325 per
1272 1233 1276 1242 ’

261 1363 377 1426 papam
393 1341 670 1420 excommunicati,
682 1342 768 1406 mala
781 1349 885 1408 morte
897 1344 1080 1427 perierunt:
1097 1343 1214 1409 Frede-

261 1445 365 1509 ricum
380 1446 611 1523 Romanorum,
634 1452 667 1509 et
687 1446 848 1510 Emanuel
870 1447 1057 1511 Graecorum
1078 1448 1215 1531 impera-

261 1553 357 1627 tores,
379 1549 580 1612 Willelmum
608 1533 763 1626 Siculum,
788 1556 821 1612 et
847 1549 1056 1630 Lombardos,
1080 1551 1121 1614 ad
1142 1551 1215 1615 uni-

261 1658 363 1716 tatem
378 1651 519 1717 ccclesioe
532 1650 701 1714 revocavit.
738 1650 922 1715 Willclmus
938 1671 1045 1715 comes
1059 1652 1213 1732 Boloniae,
1330 1651 1334 1660 '

264 1755 421 1840 Stephani
435 1754 520 1837 regis
534 1752 630 1831 filius,
647 1752 739 1817 obiit.

304 1858 394 1922 An).
417 1859 512 1921 1160.
551 1856 621 1919 Rex
651 1852 814 1919 Henricus
840 1876 914 1919 cnm
935 1855 1052 1940 grandi
1074 1857 1216 1922 exercitu

261 1960 431 2025 Tholosam
461 1959 596 2038 obsidet,
627 1963 741 2023 contra
774 1958 926 2024 comitem
957 1959 1061 2024 sancti
1090 1960 1214 2043 AEgidii

262 2062 421 2140 efferatus,
435 2061 619 2144 mansitque
641 2060 677 2128 in
697 2058 863 2125 obsidione
883 2082 903 2124 a
920 2061 1089 2126 nativitate
1112 2063 1216 2127 sancti

262 2167 284 2229 J
285 2165 421 2236 ohannis
436 2185 538 2248 usqne
560 2165 602 2228 ad
614 2163 735 2228 festum
756 2165 902 2229 omnium
917 2173 1113 2246 sanctorum,
1128 2187 1215 2244 mor-¹

260 2269 374 2352 tuique
398 2273 475 2331 sunt
497 2267 593 2332 multi
611 2267 646 2332 in
670 2266 822 2346 exercitu,
846 2268 1030 2350 pestilentia
1053 2269 1213 2334 saeviente.

262 2371 403 2438 Questor
417 2371 575 2435 crerdtus
595 2378 664 2434 erat
686 2376 817 2436 sanctus
837 2370 988 2450 Thomas,
1006 2372 1215 2437 cancellarius

260 2474 400 2556 Angliae,
426 2474 479 2538 cui
505 2474 672 2538 Johannes
704 2475 821 2538 Sarum
851 2474 1089 2558 Polycraticum
1119 2495 1215 2539 suum

261 2577 390 2642 obtulit.
435 2578 478 2641 In
497 2577 554 2641 illa
572 2575 738 2641 obsidione
754 2596 860 2641 comes
880 2577 984 2642 sancti
1000 2577 1124 2661 AEgidii
1145 2578 1216 2662 regi

261 2681 404 2746 Henrico
418 2680 552 2746 tandem
567 2701 601 2744 se
616 2679 775 2744 submisit.
806 2678 988 2745 Ludovicus
1002 2702 1058 2745 rex
1070 2681 1215 2746 lbanciae

260 2785 359 2848 filiam
383 2783 561 2851 theobaldi
585 2782 711 2848 comitis
733 2782 919 2867 Campania
940 2783 1037 2848 Alam
1060 2783 1153 2849 duxit
1177 2784 1214 2849 in

260 2909 403 2952 uxorem.
613 2967 615 2972 Ι

300 2991 385 3054 Ab.
411 2991 507 3054 1161.
557 2988 761 3054 'Pbcobaldus
787 2988 1029 3054 cantuariensis
1055 2989 1210 3076 archiepi-

258 3115 371 3179 scopus
393 3093 483 3158 obiit.
528 3091 695 3156 Dissentio
716 3091 909 3174 interreges
929 3091 1074 3155 Franciae
1094 3099 1127 3157 et
1142 3093 1213 3158 An-

257 3199 350 3282 gliae3
373 3197 439 3277 sed,
454 3195 673 3260 mediantibus
692 3194 849 3278 episcopis
864 3199 898 3258 et
912 3194 1108 3277 proceribus,
1124 3197 1210 3279 paci-

256 3301 345 3366 ficati
366 3307 461 3378 sunt3
486 3299 721 3380 Henricusque,
736 3295 822 3359 filius
839 3296 974 3360 Henrici
995 3297 1092 3379 regis,
1108 3298 1209 3362 filiam

257 3404 342 3486 regis
357 3401 501 3467 Franciae
523 3400 615 3464 duxit
636 3400 677 3462 inv
691 3419 834 3478 uxorem,
854 3398 906 3462 cui
925 3399 1126 3463 territorium
1141 3401 1211 3464 Vil-

257 3507 419 3572 cassinum
434 3503 580 3568 daturin
594 3502 714 3581 dotem,
731 3501 977 3585 Gisorciumquc
998 3501 1068 3585 regi
1082 3501 1212 3587 Angliae

257 3609 413 3675 redditur.
458 3607 565 3672 Adam
590 3607 677 3690 prior
700 3605 740 3669 de
764 3604 1006 3688 Bermundseyc
1030 3605 1135 3669 factus
1162 3612 1211 3672 est

257 3714 356 3779 abbas
378 3710 593 3776 Eveshamire:
625 3709 686 3773 iste
705 3707 810 3772 multa
831 3707 917 3772 bona
941 3729 1036 3792 opera
1060 3716 1210 3793 operatus

258 3824 307 3882 est
322 3816 432 3881 domui
447 3836 523 3893 suae,
538 3820 571 3878 et
584 3814 692 3876 locum
707 3811 895 3877 aedificando
909 3819 942 3874 et
957 3812 1112 3877 ornando.

300 3919 498 3985 A.D.1162.
545 3917 683 3981 Sanctus
705 3915 845 3979 'lbomas
864 3915 1106 3979 archidiaconus
1125 3917 1209 3981 Can-

255 4021 438 4100 tuaricnsis,
469 4026 503 4084 ct
532 4019 720 4103 praepositus
750 4017 997 4096 Beverlacensis,
1023 4018 1128 4084 factus
1159 4027 1228 4084 est-

257 4125 511 4210 archiepiscopus
523 4121 774 4187 (lantuaricnsis.
805 4121 933 4204 Regina
943 4121 1095 4186 Elienora
1108 4122 1208 4186 filiam

50 4251 54 4261 ·
123 4309 125 4312 Ι
256 4233 390 4318 peperit,
407 4253 504 4316 quam
518 4231 703 4295 Elienoram
719 4230 897 4314 appellavit.
943 4227 1129 4291 Baldwinus
1151 4248 1208 4292 rex

720 4353 742 4396 Η
