3216 5104
620 663 907 709 rerarauncsusa.
1174 651 1236 713 103

280 777 403 841 curavit
424 784 536 860 postea
558 778 803 860 absolutionem,
822 803 860 848 66
880 781 966 866 quod
988 782 1029 845 de
1051 783 1146 848 corde
1168 805 1235 849 non

280 887 503 946 emanaverat:
526 882 614 947 unde
625 885 714 949 venit
727 883 827 968 Hugo
842 885 1011 949 cardinalis
1026 885 1117 949 tituli
1131 888 1234 952 sancti

277 983 460 1064 Michaelis,
478 983 635 1050 Romanae
656 987 740 1051 sedis
761 989 897 1072 legatus,
921 989 976 1072 qui
998 1010 1073 1053 cum
1094 1011 1170 1073 rege
1193 990 1233 1055 de

279 1085 433 1168 praedicto
454 1095 529 1152 voto
552 1087 755 1172 dispensavit,
779 1097 812 1155 et
833 1091 869 1154 in
890 1091 960 1174 ejus
982 1093 1155 1174 praesentia
1176 1094 1232 1158 Jo-

279 1187 421 1253 hannem
435 1191 539 1254 filium
554 1213 649 1256 suum
664 1214 774 1276 regem
791 1193 958 1259 Hiberniae
971 1194 1056 1259 fecit.

322 1292 408 1358 Α.Ι).
426 1296 520 1360 1177.
560 1297 714 1361 Salomon
727 1297 814 1381 prior
829 1297 967 1361 Bliensis
982 1299 1086 1362 factus
1107 1305 1156 1363 est
1176 1299 1231 1363 ab·

278 1395 336 1460 bas
350 1398 596 1482 Thorneyensis,
612 1405 645 1464 et
665 1400 861 1464 Benedictus
880 1400 967 1484 prior
987 1401 1229 1466 cantuariensis

277 1500 382 1564 factus
406 1508 455 1566 est
478 1502 577 1566 abbas
603 1504 714 1587 Burgi,
740 1504 795 1587 qui
817 1504 894 1569 fecit
918 1510 1103 1569 construere
1126 1511 1229 1569 totam

279 1624 392 1668 navem
419 1605 559 1670 ecclesioe
584 1607 687 1690 Burgi
712 1628 751 1672 ex
775 1607 882 1691 lapide
912 1614 945 1672 et
974 1609 1073 1692 ligno,
1098 1631 1117 1672 a
1140 1617 1230 1674 turre

277 1729 377 1791 usque
403 1709 443 1772 ad
468 1710 627 1789 frontem3
658 1717 692 1777 et
714 1711 868 1795 capellam
890 1711 926 1775 in
947 1711 1100 1777 honorem
1126 1713 1229 1776 sancti

277 1811 409 1876 Thomas
426 1813 587 1897 martyris,
603 1813 643 1877 ad
662 1819 788 1898 portam
806 1814 1002 1878 monasterii.
1048 1814 1228 1879 Concilium

278 1915 390 1979 Bomae
415 1915 613 1980 celebratum
636 1922 694 1995 est,
718 1917 911 2000 praesidente
936 1937 1019 2000 papa
1044 1917 1228 1982 Alexandro

276 2017 343 2096 III,
358 2018 394 2080 in
409 2039 472 2101 quo
488 2019 621 2083 concilio
641 2020 816 2103 imperator
835 2019 1033 2097 Fredericus,
1050 2021 1227 2085 cumomni

276 2126 373 2202 gente
399 2142 466 2199 sua,
493 2122 619 2186 sufflato
645 2121 825 2200 schismate,
849 2122 890 2186 ad
916 2122 1106 2186 catholicam
1131 2123 1227 2187 rediit

274 2224 445 2288 unitatem.
490 2225 575 2289 Acta
600 2225 716 2310 synodi
744 2226 785 2290 de
813 2247 904 2309 papae
932 2225 1096 2302 electione,
1124 2233 1157 2290 et
1186 2226 1227 2291 de

274 2327 431 2391 haereticis
455 2328 643 2393 'Pholosanis
672 2334 706 2393 et
730 2328 978 2412 Albegensibus,
1004 2329 1224 2394 versabantur.

273 2431 450 2510 Waltham,
487 2453 545 2516 pro
582 2431 788 2511 secularibus,
825 2432 1027 2516 regularibus
1063 2433 1224 2497 canonicis

273 2537 445 2600 confertur.

314 2639 400 2703 Α.Ι).
425 2634 521 2705 1178.
566 2638 702 2722 Eclipsis
732 2639 816 2718 solis,
843 2637 988 2722 id[ib]us
1017 2637 1222 2704 Novembris.

274 2741 459 2806 Submersio
489 2741 681 2820 Hollandiae,
710 2741 923 2806 inundatione
959 2741 1056 2805 maris
1092 2740 1223 2805 solitum

272 2865 401 2910 cursum
421 2845 568 2909 diffusius
587 2845 761 2910 excedente
770 2870 780 2924 3
802 2845 890 2910 unde
905 2845 1035 2908 infinita
1053 2843 1222 2908 hominum

270 2955 303 3012 61
327 2948 515 3012 animalium
538 2948 713 3013 multitudo
736 2948 826 3032 aquis
847 2948 1026 3032 intercepta
1047 2953 1106 3012 661.
1151 2947 1222 3012 1616

270 3058 414 3135 tempore
442 3051 658 3130 Andronicus,
688 3051 862 3134 imperator
891 3050 1219 3133 Constantinopolita-

270 3175 342 3232 nus,
368 3174 427 3237 pro
452 3154 624 3239 tyrannide
650 3174 709 3218 sua
737 3160 770 3218 et
796 3153 946 3237 superbia
969 3152 1174 3232 intolerabili,
1201 3175 1221 3216 a

271 3256 391 3321 Graecis
411 3257 669 3341 comprehensus,
690 3265 723 3322 et
746 3257 787 3321 de
805 3257 933 3340 palatio,
957 3276 1125 3339 procerum
1147 3276 1219 3319 suo-

268 3381 343 3424 rum
362 3359 493 3444 judicio,
519 3381 577 3444 per
603 3381 700 3444 equos
729 3358 903 3424 indomitos
928 3364 1061 3434 tractus,
1085 3357 1219 3422 tandem

268 3462 413 3547 patibulo
431 3484 604 3548 suspensus
624 3469 692 3528 est:
717 3462 888 3527 Occiderat
907 3463 995 3526 enim
1015 3461 1123 3525 dolose
1142 3483 1217 3526 con-

269 3567 483 3650 sanguineum
498 3587 603 3645 suum,
617 3567 721 3632 filium
735 3565 922 3632 Bmanuelis
939 3564 1150 3648 imperatoris,
1165 3571 1217 3629 tu-

266 3669 340 3734 telae
355 3691 421 3734 suae
435 3670 706 3748 commendatum,
722 3675 755 3733 61
769 3669 874 3734 multa
888 3668 950 3732 alia
964 3667 1175 3732 commiserat.

310 3772 394 3836 Α.Ι).
412 3773 507 3839 1179.
544 3771 764 3854 Peregrinatio
779 3770 935 3835 Ludovici
954 3770 1040 3852 regis
1062 3770 1215 3849 Francius,

266 3881 300 3940 et
325 3875 462 3940 aliorum
486 3881 677 3958 magnatum
702 3874 846 3959 ejsudem
870 3873 973 3956 regni,
1000 3873 1042 3938 ad
1066 3880 1215 3938 sanctum

266 3978 424 4042 Thomam
448 3978 714 4042 cantuariensem
737 3977 1009 4061 archiepiscopum
1035 3984 1068 4040 et
1093 3982 1214 4060 marty-

264 4105 343 4161 rem,
360 4084 415 4168 qui
429 4083 548 4148 obtulit
570 4104 704 4147 aureum
725 4082 858 4147 calicem
879 4077 1114 4163 appendentem
1139 4126 1146 4140 .
1172 4125 1179 4141 .
1205 4125 1213 4141 .

263 4186 372 4266 libras,
395 4193 428 4250 et
450 4194 583 4252 centum
603 4186 726 4251 modios
748 4186 824 4263 vini,
846 4187 1011 4267 perpetuo,
1035 4181 1077 4244 ad
1098 4179 1213 4245 natali·

262 4290 347 4354 tium
370 4289 455 4354 diem
471 4288 707 4354 celebrandum
732 4288 768 4354 in
793 4286 916 4364 laetitia,
939 4283 1074 4366 singulis
1099 4283 1212 4361 annis3
