3212 5102
357 633 420 694 120
648 645 848 690 cuaourcon
866 643 1001 687 austra

356 789 461 834 comes
472 767 658 842 Wintoniee,
676 767 821 848 Rogerus
837 784 942 828 comes
958 761 1128 839 Clarensis,
1147 759 1310 824 Henricus

229 939 235 948 ,
357 892 462 936 comes
485 868 739 946 Herefordenris,
762 868 909 949 Rogerus
933 866 1030 949 Bigot
1052 885 1158 929 comes
1180 863 1312 926 Norfol-

357 976 425 1052 ciae,
442 973 546 1038 David
562 994 668 1037 comes
684 968 953 1062 Huntingrloniae,
975 976 1008 1034 et
1029 955 1192 1034 Robertus
1208 988 1315 1031 comes

311 1141 334 1164 ,
359 1079 399 1142 de
414 1078 490 1155 Ver,
507 1083 540 1140 et
555 1076 705 1158 AEgidius
725 1076 890 1158 episcopus
908 1072 1165 1149 Herefordensis,
1182 1093 1222 1134 ex
1241 1092 1317 1154 pro-

358 1181 502 1257 ceribus;
527 1179 688 1244 Bobertus
702 1178 787 1241 filius
803 1177 950 1254 Walteri,
966 1176 1161 1240 Eustachius
1176 1174 1217 1238 de
1232 1174 1314 1237 Ves-

360 1285 399 1361 ci,
415 1289 448 1346 et
464 1282 559 1346 multi
575 1281 639 1345 alii.
685 1280 745 1344 Isti
760 1280 922 1362 fugientes
943 1279 984 1342 ad
1006 1277 1191 1361 Philippum
1205 1297 1316 1358 regem

360 1385 514 1460 Francia
531 1381 730 1447 Ludovicum
751 1383 1006 1466 primogenitum
1030 1402 1127 1445 suum
1148 1381 1184 1442 in
1205 1400 1318 1462 regem

362 1496 395 1553 et
417 1487 586 1551 dominum
608 1487 785 1568 elegerunt.
831 1485 970 1549 Interim
994 1505 1050 1548 rex
1075 1483 1228 1548 ltoffense
1251 1503 1318 1545 cas-

361 1599 450 1655 trum
466 1597 596 1674 oaptum
612 1588 788 1652 subvertit:
811 1588 996 1671 praesidium
1020 1587 1119 1650 etiam
1134 1585 1316 1649 Colcestriae

363 1693 448 1777 capit
458 1719 469 1770 ;
492 1712 657 1775 quumque
677 1691 767 1773 quasi
790 1690 857 1754 sola
878 1689 1048 1753 Londonia
1070 1694 1215 1766 restaret,
1231 1686 1319 1750 venit

363 1795 545 1860 Ludovicus
580 1815 654 1858 cum
689 1815 789 1856 manu
822 1792 926 1856 valida
959 1793 1158 1856 Francorum
1169 1815 1179 1868 3
1213 1789 1317 1872 primo

365 1897 556 1974 Cantuariee,
572 1896 688 1960 deinde
703 1894 890 1983 Loudoniae
906 1915 981 1958 cum
995 1915 1115 1976 magno
1132 1893 1250 1975 gaudio
1264 1913 1317 1954 ex·
1354 1940 1356 1944 .

365 2007 487 2083 ceptus,
503 1998 674 2061 fidelitates
695 1997 790 2081 capit,
807 2005 911 2060 castra
931 1997 1035 2059 multa
1055 2004 1088 2059 et
1107 1994 1204 2058 urbes
1225 1993 1320 2077 capit,

366 2124 444 2184 quas
460 2102 525 2164 suis
541 2099 714 2164 distribuit.
760 2101 830 2162 Rex
847 2105 956 2162 autem
972 2098 1147 2175 lohannes,
1164 2104 1196 2161 et
1213 2097 1318 2160 Gualo

366 2204 502 2285 legatus,
530 2223 604 2264 cum
627 2197 741 2282 'gladio
770 2200 929 2264 materiali
958 2207 992 2264 et
1021 2200 1179 2284 spirituali
1209 2207 1322 2262 contra

367 2310 550 2388 pugnantes
565 2301 727 2366 modicum
742 2303 956 2384 profecerunt.
993 2304 1209 2366 Recesserunt
1225 2301 1322 2364 etiam

269 2415 274 2424 ’
368 2426 486 2488 arege
515 2403 650 2487 proximi
677 2405 756 2487 ejus,
784 2410 817 2466 et
843 2404 938 2467 amici
967 2405 1046 2488 ejus,
1071 2404 1187 2468 timore
1216 2403 1342 2486 magis'

369 2528 466 2590 quam
486 2525 593 2568 amore
600 2530 612 2582 ,ς
635 2504 781 2567 videlicet
797 2526 903 2568 comes
919 2505 958 2568 de
972 2506 1147 2584 warenna,
1164 2513 1320 2588 cognatus

368 2609 463 2690 regis,
480 2615 513 2671 et
533 2627 638 2670 comes
660 2607 786 2684 Sarum,
801 2607 901 2670 frater
918 2607 1012 2690 regis,
1028 2629 1134 2672 comes
1154 2608 1194 2672 dc
1213 2609 1322 2671 Arun-

370 2711 432 2788 del,
447 2730 553 2774 comes
567 2708 606 2772 dc
620 2708 816 2786 Albamarle,
832 2717 864 2773 et
880 2710 1040 2775 Robertus
1062 2732 1168 2775 comes
1191 2711 1230 2775 de
1246 2711 1322 2774 Ver.

372 2816 442 2878 sex
461 2833 535 2877 vero
555 2811 694 2876 caedibus
715 2819 747 2875 et
766 2811 924 2875 incendiis
945 2835 1071 2892 vacans,
1088 2814 1128 2878 de
1147 2813 1325 2878 Northfolk

371 2937 480 2980 versus
506 2913 667 2997 Lindesey
692 2935 749 2998 per
774 2914 937 2978 abbatiam
966 2915 1191 2982 Swineshevcd
1214 2917 1306 2980 venit
1317 2940 1327 2994 3

372 3019 439 3097 ubi,
456 3014 630 3081 secundum
648 3016 812 3099 quosdam,
830 3017 1015 3098 potionatus
1035 3018 1163 3082 transiit
1183 3018 1324 3095 Lafford,

373 3123 431 3186 ubi
452 3142 549 3204 supra
570 3120 702 3183 modum
725 3119 907 3203 dysenteria
926 3127 1069 3200 vexatus,
1092 3121 1127 3185 in
1149 3121 1263 3185 lectica
1284 3119 1325 3184 ad

374 3224 541 3288 castellum
567 3221 607 3285 de
632 3221 772 3285 Newerk
797 3227 944 3303 portatus
970 3221 1068 3300 obiit;
1091 3223 1183 3306 cujus
1206 3222 1327 3286 viscera

375 3327 461 3410 apud
479 3326 659 3390 Orokeston
682 3324 812 3389 condita
832 3331 918 3404 sunt,
934 3346 1048 3408 corpus
1064 3347 1138 3390 vero
1152 3325 1328 3408 Wigorniae

375 3431 530 3507 delatum,
542 3450 580 3493 ac
593 3429 630 3491 in
645 3428 776 3492 ecclesia
789 3428 966 3493 cathedrali
980 3430 1141 3512 sepultum
1156 3437 1213 3493 ert.
1247 3429 1325 3493 Suc-

375 3533 471 3597 cessit
486 3530 516 3596 ei
530 3532 566 3593 in
579 3551 717 3612 regnum
731 3529 816 3594 filius
831 3530 900 3613 ejus
913 3531 1084 3610 Henricus,
1097 3553 1212 3596 novem
1227 3552 1327 3596 anno-

377 3657 451 3698 rum
479 3655 569 3716 puer,
593 3653 688 3716 quem
712 3631 894 3696 Willelmus
919 3632 1131 3712 Mariscallus,
1156 3655 1262 3698 comes
1289 3633 1329 3697 de

379 3734 551 3812 Pembrok,
572 3741 605 3798 et
626 3732 785 3798 Ranulfus
805 3755 911 3799 comes
932 3735 1075 3814 cestriae,
1098 3757 1173 3800 cum
1194 3737 1328 3814 caeteris,

380 3838 435 3920 qui
471 3842 596 3919 patrem
625 3835 852 3918 sequebantur,
882 3837 1078 3903 vivacissime
1106 3839 1266 3919 fovebant,
1297 3846 1330 3904 et

379 3938 504 4024 praelati
532 3937 682 4014 universi,
713 3957 788 4001 cum
817 3938 942 4021 legato:
973 3941 1102 4005 Wallici
1131 3942 1331 4006 Ludovicum

382 4041 608 4125 sequebantur.
663 4041 733 4104 Rex
761 4041 924 4105 Henricus
951 4043 1132 4108 Gloverniae
1160 4052 1334 4109 coronatur

381 4147 418 4209 in
431 4146 513 4210 festo
526 4144 744 4227 apostolorum
761 4144 901 4232 Simonis
922 4153 955 4209 et
975 4147 1079 4211 Judae.
1125 4148 1216 4212 Obiit
1231 4148 1331 4212 Inno-

383 4249 508 4314 centius
522 4269 626 4333 papa3
649 4248 702 4312 cui
717 4248 868 4314 successit
884 4246 1059 4314 Honorius.
