3212 5102
606 570 896 614 rrrsmosonuss.
1098 588 1101 598 ·
1151 552 1232 614 ‘³113

273 687 403 751 civitate
422 706 496 749 vero
521 693 631 750 sancta
652 687 831 752 Jerusalem
853 684 1040 749 dominante
1056 685 1234 765 ‘Sufadinog

272 790 308 852 in
323 789 458 853 urbibus
474 789 731 853 Christianorum
747 789 909 853 Almarioo
925 788 964 852 de
980 789 1141 867 Licinum,
1157 811 1232 872 rege

275 892 372 974 Cypri
381 919 390 969 3
414 891 525 976 Leone
540 893 581 954 in.
594 892 755 969 Armenia,
772 893 881 955 Cnuto
896 892 931 954 in
946 892 1056 970 Dacia,
1074 894 1176 954 Suero
1198 892 1233 954 in

273 994 432 1071 Norwcia,
447 994 610 1057 Willelmo
630 995 665 1057 in
689 995 805 1072 Scotia,
823 994 991 1058 Guthredo
1010 995 1046 1056 in
1066 994 1158 1072 Man,
1175 996 1231 1058 Jo-

274 1097 381 1161 hanne
406 1099 513 1181 Curcy
537 1099 572 1160 in
599 1098 782 1162 Ulnestria:
821 1099 965 1162 doctores
990 1098 1230 1181 nostripraedi-

273 1208 425 1264 caverunt
450 1200 613 1264 diabolum
638 1222 706 1264 esse
726 1201 877 1279 solutum,
899 1203 993 1284 juxta
1015 1201 1232 1285 Apocalypsin

274 1303 442 1380 lobannis,
463 1303 603 1386 capitulo
629 1303 712 1387 [xii]
764 1301 828 1376 Hic
849 1303 922 1367 finit
943 1303 1093 1367 chronica
1112 1304 1232 1387 Rogcri

276 1405 316 1470 de
334 1406 499 1470 Hoveden.
851 1481 853 1486 ,

316 1509 400 1572 A.D.
418 1512 513 1573 1202.
559 1509 659 1572 Pulso
673 1509 847 1593 Presbyter
867 1509 907 1573 de
921 1509 1032 1593 Noily‚
1049 1509 1104 1592 qui
1123 1509 1231 1592 plures

273 1613 314 1675 ad
328 1613 389 1676 iter
404 1614 425 1676 J
427 1613 711 1696 erosolymitanum
727 1612 960 1689 sollicitaverat,
976 1612 1067 1676 obiit.
1090 1613 1231 1676 *Iterum

273 1721 343 1778 orta
358 1722 407 1779 est
422 1716 579 1779 discordia
600 1715 687 1779 inter
703 1715 887 1798 Philippum
907 1737 1017 1797 regem
1033 1715 1177 1778 Franoiae
1199 1722 1232 1778 et

273 1818 294 1880 J
296 1818 454 1881 ohannem
470 1839 581 1900 regem
595 1809 734 1900 Angliae,
750 1838 875 1900 semper
889 1816 958 1901 ipso
973 1813 1121 1900 Philippo
1136 1818 1231 1881 terris

274 1920 433 1984 Johannis
462 1921 686 1984 transmarinis
715 1920 880 1998 inhiantc;
899 1957 902 1964 ·
918 1920 1005 1983 unde
1036 1920 1230 1999 Gumntnm,

273 2044 348 2086 cum
363 2023 432 2086 aliis
448 2023 557 2086 multis
572 2022 707 2086 urbibus
723 2029 755 2086 et
767 2023 905 2086 castellis
921 2023 1025 2106 oapit;
1048 2023 1231 2086 Arthurum

271 2127 371 2189 etiam
407 2126 527 2190 faciens
565 2127 700 2190 militem
731 2147 804 2189 cum
835 2125 1087 2190 Pictaviensibus
1118 2132 1232 2189 eontra

274 2249 383 2310 regem
413 2229 597 2292 lohannem
622 2229 733 2306 mittit,
760 2249 854 2310 quem
884 2229 952 2312 ipse
978 2229 1064 2312 apud
1091 2227 1231 2292 Mirabel

273 2353 348 2396 cum
363 2331 510 2396 ducentis
530 2339 563 2395 et
585 2333 819 2415 quinquaginta
838 2331 1003 2411 militibus,
1020 2339 1053 2395 et
1073 2333 1143 2394 aliis
1166 2352 1231 2394 ser-

274 2435 444 2513 vientibus,
461 2436 563 2518 capit:
589 2437 643 2518 qui
658 2436 821 2499 Arthurus
835 2436 871 2498 in
886 2436 1032 2499 custodia
1050 2436 1159 2519 patrui
1180 2435 1231 2498 sui

274 2538 433 2602 Johannis
456 2539 541 2622 regis
556 2539 693 2621 Angliae,
710 2538 844 2603 dubium
866 2561 929 2622 quo
949 2560 1034 2615 casu,
1050 2539 1129 2603 obiit
1138 2564 1148 2616 ;
1171 2559 1231 2602 neo

274 2649 321 2705 est
344 2643 513 2706 inventum
539 2643 720 2725 sepulcrum
744 2643 813 2725 ejus
836 2642 998 2724 usquead
1022 2642 1108 2705 diem
1133 2642 1227 2704 hano.

272 2746 541 2828 Vulgatissimum
556 2752 614 2825 est,
631 2747 717 2830 quod
735 2747 772 2809 in
790 2746 872 2809 mari
889 2751 1074 2829 peremptus
1090 2745 1229 2828 piscibus

273 2855 321 2912 est
350 2851 520 2933 projeetus.
576 2849 756 2926 Translatio
787 2849 890 2912 sancti
916 2848 1054 2912 Gilberti
1084 2848 1230 2932 magistri

278 2952 575 3034 Sempringhamiae.
888 3003 890 3005 .

318 3054 402 3117 Al),
421 3056 515 3116 1203.
561 3054 770 3117 Canonizatio
792 3055 895 3117 sancti
909 3053 1072 3117 Wulstani
1091 3053 1230 3137 episcopi

274 3156 517 3237 Wigorniensis,
527 3157 672 3238 catalogo
682 3163 865 3220 sanctorum
874 3177 930 3239 per
940 3157 1170 3220 Innocentium
1179 3157 1230 3219 in-

274 3261 1228 3346 scripta,etperMalgerumepiscopumWigorniensempro-

274 3372 393 3428 curata.
417 3365 568 3427 Elienora
576 3365 680 3446 primo
689 3364 802 3446 regina
810 3365 961 3442 Francia,
972 3371 1082 3448 postea
1090 3365 1231 3454 Angliae‚

272 3475 375 3530 mater
389 3488 463 3530 vero
478 3467 578 3530 trium
598 3488 721 3548 regum,
740 3465 883 3545 Henrioi,
902 3467 1039 3545 Ricardi,
1057 3475 1089 3531 et
1105 3469 1226 3534 Johan-

273 3569 334 3647 nis,
345 3568 432 3632 obiit.
449 3569 616 3653 Philippus
626 3590 681 3632 rex
690 3570 841 3646 bisaciae,
848 3570 969 3653 judicio
978 3571 1074 3636 ouriae
1085 3593 1159 3651 suae,
1170 3594 1229 3655 pro

272 3679 380 3740 morte
394 3672 531 3735 Arthuri
546 3673 676 3755 cognati
691 3673 750 3751 sui,
763 3672 803 3736 de
817 3673 910 3736 terris
927 3674 991 3736 suis
1006 3675 1229 3740 transmarinis

274 3795 384 3857 regem
400 3775 582 3839 iohannem
596 3776 709 3860 privat.
749 3775 909 3840 Robertus
927 3797 1033 3841 comes
1049 3779 1231 3869 Leicestriae

274 3877 364 3956 obiit,
375 3879 466 3960 cujus
481 3879 670 3942 comitatum
688 3879 801 3942 Simon
813 3879 852 3942 de
864 3880 1055 3944 Monteforti
1068 3892 1100 3944 et
1114 3883 1230 3947 Sacros

275 3980 411 4064 Quenoy
425 3981 510 4045 inter
528 4003 562 4044 se
582 3982 730 4046 dividunt
739 4009 748 4060 3
773 4004 810 4045 eo
822 3974 915 4065 'quod
936 3984 1062 4063 Samus,
1084 3993 1116 4048 et
1138 3994 1230 4068 pater

258 4070 422 4162 ¹Simonis,
436 4105 557 4149 sorores
572 4086 717 4168 praedieti
731 4085 857 4149 comitis
874 4086 1039 4150 duxissent
1054 4087 1089 4149 in
1104 4091 1230 4169 uxores,

272 4186 362 4250 Obiit
390 4187 559 4251 Hubertus
586 4188 827 4252 Cantuariensis
856 4190 1129 4274 archiepiscopus;
1167 4193 1229 4272 oui,

743 4310 755 4352 1
