3212 5102
353 593 416 656 110
653 610 852 654 onacrucou
869 608 1004 652 incarn

393 727 479 791 A.D.
497 725 592 791 1196.
629 725 746 790 Comes
766 724 806 788 de
826 731 939 790 sanam
953 721 1084 808 AEgidio
1105 721 1197 788 duxit
1217 743 1303 788 soro-

351 851 420 894 rem
435 830 519 914 regis
531 829 662 894 Ricardi
677 829 698 892 J
699 829 872 906 channam,
884 827 1048 912 quondam
1062 827 1209 912 reginam
1225 826 1305 892 Sici·

351 934 412 1012 liae,
428 933 464 998 in
477 954 621 999 uxorem.
658 932 729 998 Rex
744 932 901 997 Ricardus
916 937 1028 997 contra
1040 953 1153 1015 regem
1167 933 1306 996 Franco·

353 1058 427 1100 rum
440 1035 563 1120 ubique
576 1033 770 1101 foelicissime
786 1033 1001 1098 dimicaverat.
1041 1033 1123 1098 Orta
1137 1039 1187 1096 est
1203 1031 1306 1115 gravis

353 1138 513 1206 discordia
534 1137 621 1204 iuter
642 1136 819 1203 Ricardum
842 1158 952 1220 regem
975 1143 1009 1202 et
1032 1136 1307 1220 archiepiscopum

355 1239 650 1324 Rotbomagensem
675 1261 733 1324 pro
759 1239 998 1304 constructione
1024 1240 1147 1304 castelli
1172 1239 1212 1302 de
1236 1240 1306 1303 An-

355 1343 439 1428 dely,
455 1344 511 1427 qui
529 1344 618 1408 locus
638 1350 707 1406 erat
723 1342 805 1425 juris
826 1341 1073 1426 archiepiscopi3
1096 1342 1153 1406 scd
1172 1363 1228 1406 rex
1244 1342 1308 1407 loci

355 1447 537 1511 decentiam
551 1445 593 1509 ad
608 1445 775 1510 castellum
790 1445 1045 1510 construendum
1059 1447 1306 1531 contemplatus,

354 1549 391 1612 in
413 1549 464 1613 sui
483 1548 565 1633 juris
588 1548 761 1616 dictionem
785 1546 826 1610 ab
850 1547 1086 1634 archiepiscopo
1109 1548 1251 1626 abstrdit,
1274 1554 1308 1613 et

355 1653 524 1717 castellum
541 1651 731 1717 construxit.
775 1651 869 1715 Inter
887 1672 962 1716 vero
983 1651 1158 1718 Ricardum
1178 1659 1211 1716 et
1230 1651 1307 1716 Phi·

354 1755 488 1839 lippum,
504 1775 595 1836 reges
609 1752 737 1835 Angliae
757 1757 790 1816 et
810 1752 964 1830 Franciae,
986 1752 1203 1817 mediantibus
1225 1753 1308 1817 mul·

288 1879 290 1884 ’
356 1859 409 1936 tis,
439 1879 502 1942 pax
534 1858 621 1921 facta
654 1862 713 1935 est,
748 1854 805 1920 sed
837 1855 933 1934 ficta3
965 1876 1124 1940 poenaque
1154 1857 1309 1921 statuitur

357 1960 542 2045 quindecim
561 1959 699 2022 millium
718 1979 900 2022 marcarum
920 1980 940 2022 a
957 1959 1044 2042 pacis
1064 1959 1216 2024 violatore
1237 1980 1309 2042 per·

357 2064 526 2142 solvenda5
549 2063 751 2146 fidejussores
775 2061 970 2144 obligantur.
1016 2062 1084 2126 Pax
1106 2084 1164 2146 per
1188 2063 1308 2146 Philip-

355 2188 435 2251 pum
456 2167 600 2231 Franciae
621 2165 793 2248 frangitur,
817 2187 836 2230 a
856 2165 1097 2250 fidejussoribus
1122 2187 1219 2250 poena
1241 2166 1310 2249 regi

355 2270 497 2335 Ricardo
511 2269 653 2334 solvitur.

398 2373 484 2438 A.D.
502 2375 595 2438 1197.
641 2371 793 2438 Johanna
811 2371 973 2436 comitissa
992 2371 1032 2436 de
1050 2377 1161 2438 sancto
1178 2372 1310 2456 AEgidio

352 2477 477 2562 peperit
506 2475 745 2560 Reymundum.
805 2477 875 2540 Rex
906 2475 1063 2540 Ricardus
1092 2476 1177 2560 cepit
1202 2477 1311 2540 villam

354 2581 459 2645 sancti
472 2580 624 2644 Walerici
632 2605 641 2658 3
665 2584 707 2659 et,
733 2579 898 2643 destructa
915 2579 990 2644 villa
1011 2600 1087 2644 cum
1105 2579 1311 2660 monasterio,

355 2705 471 2766 corpus
496 2683 599 2747 sancti
613 2682 766 2746 Walerici
783 2703 892 2746 secum
913 2683 950 2745 in
964 2682 1202 2749 Normauniam
1223 2683 1310 2747 tulit.

357 2786 520 2852 Henricus
551 2787 725 2870 imperator
752 2785 841 2850 misit
875 2786 1052 2851 exercitum
1085 2809 1242 2869 magnum
1275 2787 1312 2850 in

357 2891 494 2975 Syriam,
511 2891 576 2974 qui,
591 2889 714 2954 violatis
733 2889 854 2972 treugis
873 2911 951 2972 quas
970 2911 1028 2954 rex
1045 2890 1203 2954 Ricardus
1225 2912 1310 2955 com-

356 3001 516 3079 posuerat,
532 2994 654 3058 bellum
667 2993 742 3058 iniit
757 3014 831 3058 cum
849 2993 1032 3072 Saracenis5
1052 2999 1085 3058 at
1099 2993 1147 3058 illi
1161 3015 1219 3078 pro
1233 3015 1312 3077 pace

356 3097 474 3162 violata
488 3095 621 3176 efferati,
634 3096 655 3159 J
656 3117 761 3179 oppen
775 3094 872 3160 armis
884 3095 1026 3180 capiunt,
1038 3102 1072 3162 et
1082 3097 1197 3179 viginti
1211 3098 1313 3162 millia

356 3199 615 3264 Christianorum
630 3198 838 3264 occiduntur:
854 3200 1004 3281 proelium
1018 3199 1151 3263 tandem
1166 3199 1312 3264 commit

357 3303 448 3382 titur,
466 3302 647 3380 Safadinus,
663 3301 763 3366 frater
779 3293 933 3380 Saladini,
948 3301 1135 3366 vulneratur
1152 3301 1294 3367 letaliter
1301 3328 1312 3381 3

360 3406 425 3471 duo
447 3405 505 3469 filii
528 3404 673 3470 Saladini
696 3405 877 3489 capiuntur,
900 3408 934 3468 et
958 3406 1125 3488 sexaginta
1145 3405 1313 3484 admiralli,

358 3531 434 3575 cum
463 3509 575 3574 multis
598 3508 781 3576 civitatibus
810 3515 843 3573 et
868 3509 1017 3573 castellis.
1071 3509 1144 3574 Hoc
1168 3516 1314 3594 tempore

358 3612 439 3676 obiit
466 3612 629 3676 Henricus
651 3611 825 3696 imperator
847 3612 883 3678 iu
908 3611 1070 3676 sententia
1093 3634 1152 3695 pro
1176 3612 1314 3677 Ricardo

357 3736 455 3797 rege,
477 3722 510 3779 et
524 3714 598 3778 ideo
611 3735 679 3779 non
693 3720 743 3778 est
756 3713 948 3797 permissum
962 3715 1089 3799 sepeliri
1104 3737 1218 3799 corpus
1233 3716 1313 3801 ejus.

360 3817 477 3894 Sicilia,
493 3816 651 3896 Calabria,
666 3816 796 3900 Apulia,
812 3823 845 3882 et
863 3840 984 3901 magna
997 3841 1071 3903 pars
1086 3819 1217 3899 liuciae,
1234 3841 1314 3904 quas

358 3920 533 4003 imperator
548 3918 709 3984 Henricus
725 3919 901 3986 abstulerat
915 3921 1046 3987 domino
1059 3944 1160 4007 papae,
1175 3923 1314 3988 reddun-

359 4030 432 4103 tur3
455 4023 609 4107 obituque
631 4023 833 4107 imperatoris
854 4025 1019 4105 ventilato,
1042 4027 1200 4091 exercitus
1219 4027 1315 4091 rediit

362 4127 402 4192 de
416 4127 515 4191 Terra
530 4126 660 4207 Sancta,
675 4132 709 4192 et
726 4127 844 4192 iterum
860 4150 879 4193 a
895 4127 1063 4194 Saracenis
1080 4130 1176 4194 urbes
1196 4130 1316 4194 relictae

363 4235 572 4314 occupantur.
