3216 5104
632 651 920 695 urrurnnnonusu.
1186 634 1249 698 173

300 808 411 853 versus
443 785 566 851 bellum
597 785 819 870 Hispanicum.
865 786 1035 871 Inv[enta]
1070 792 1119 852 est
1147 786 1251 870 primo

302 912 411 975 grossa
425 889 558 955 historia
577 890 678 954 totius
698 911 795 954 sacrae
814 891 940 974 pagina
958 891 994 954 in
1012 890 1129 955 fabulis
1145 890 1252 955 Ovidii

301 993 581 1078 Metamorphosis,
607 1015 626 1056 a
648 993 747 1058 fratre
769 994 914 1059 Waltero
939 993 979 1057 de
1005 996 1124 1078 Burgo‚
1150 1015 1251 1078 quon-

303 1097 377 1162 dam
392 1097 550 1162 monacho
566 1096 605 1160 de
622 1095 778 1182 Revcsby.

345 1201 430 1264 An).
450 1202 543 1266 1367.
581 1200 741 1264 Dominus
756 1201 942 1280 Edwardus,
964 1202 1112 1286 princeps
1127 1203 1253 1266 Wulliae

304 1311 336 1368 et
351 1303 547 1387 Aquitania,
563 1310 598 1368 ot
612 1303 710 1368 frater
726 1305 795 1389 ejus
811 1304 875 1368 dux
889 1305 1094 1383 Lancastn'ae,
1111 1327 1185 1370 oum
1200 1328 1253 1370 ex·

303 1408 404 1472 ercitu
420 1405 593 1492 Hispanias
612 1409 757 1493 ingressi,
777 1415 1003 1494 pugnaverunt
1020 1430 1094 1473 oum
1111 1410 1253 1474 Henrico

304 1510 442 1605 Bastard
457 1533 494 1576 ac
508 1511 661 1575 fratribus
676 1513 755 1596 ejus,
768 1519 801 1576 et
815 1518 883 1576 toto
897 1510 1011 1576 robore
1024 1513 1252 1596 Hispanorum,

305 1637 341 1680 ac
361 1616 541 1681 innumeris
557 1617 772 1698 conductitiis,
788 1617 884 1681 tertio
899 1638 1000 1681 nonas
1015 1616 1145 1700 Aprilis,
1161 1623 1194 1680 et
1208 1617 1253 1681 vi-

304 1726 428 1784 cerunt.
476 1721 539 1784 Sex
554 1720 655 1784 millia
671 1720 892 1805 Hispanorum
908 1742 989 1785 caasa
1003 1725 1099 1797 sunt;
1123 1720 1253 1784 auxilia·

302 1825 387 1888 rium
410 1846 484 1889 vero
509 1824 716 1903 Francorum,
740 1823 1007 1902 Alamannorum,
1028 1820 1204 1902 Hiberniae,
1220 1829 1254 1887 et

305 1928 485 2006 Scotorum,
511 1927 627 2011 ingens
653 1949 808 1992 numerus
833 1928 923 1991 fusus
934 1953 943 2005 ;
970 1926 1033 1991 tria
1054 1948 1129 1991 vero
1154 1925 1255 1990 millia

302 2032 502 2115 captivorum
517 2042 594 2095 sunt
610 2030 758 2110 abducta,
770 2029 919 2095 omnibus
934 2030 1108 2114 capitaneis
1123 2036 1180 2094 aut
1195 2051 1254 2094 cae·

305 2134 347 2198 sis
363 2140 419 2198 aut
436 2135 547 2218 captis.
580 2134 673 2199 Solus
689 2134 865 2198 Bastardus
881 2131 1051 2212 Henricus‚
1067 2155 1140 2197 cum
1156 2134 1254 2198 fratre

305 2261 363 2302 suo
382 2238 505 2316 Tilone,
526 2237 701 2322 fugerunt:
726 2238 837 2302 Cornu
855 2257 996 2320 namquo
1011 2237 1186 2315 sinistrum,
1202 2237 1254 2301 cui

304 2341 373 2406 dux
387 2342 583 2406 Lancastriae
597 2348 742 2425 praeerat,
757 2348 863 2406 totum
877 2340 998 2405 bellum
1012 2340 1146 2425 peregit.
1187 2341 1254 2406 Do-

305 2444 415 2509 minus
429 2467 512 2530 papa
526 2445 656 2509 recessit
671 2467 746 2509 cum
761 2445 850 2510 curia
864 2444 904 2509 ab
919 2444 1088 2524 Avinione,
1105 2451 1137 2508 et
1156 2444 1255 2510 adivit

307 2550 444 2613 Romam
459 2569 517 2632 per
530 2570 627 2612 naves
643 2549 664 2612 J
665 2570 833 2614 annenses.
877 2549 1016 2612 Inventa
1030 2555 1107 2612 sunt
1121 2569 1254 2632 corpora

303 2653 327 2716 J
327 2653 426 2737 oseph
441 2652 481 2717 ab
497 2653 702 2733 Arimathaea,
719 2654 941 2738 sociorumque
959 2654 1037 2738 ejus,
1054 2652 1139 2738 apud
1162 2654 1254 2718 Glas-

304 2757 438 2821 toniam.

348 2861 433 2925 A.D.
459 2861 554 2924 1368.
601 2858 678 2924 Dux
703 2861 872 2940 Claronsis,
897 2861 981 2925 filius
1007 2861 1091 2944 regis
1114 2861 1253 2944 Angliae,

304 2964 398 3028 duxit
412 2967 448 3028 in
461 2985 595 3028 uxorem
609 2965 709 3029 filiam
724 2964 814 3029 ducis
830 2964 1092 3029 Mediolanensis.
1130 2965 1253 3029 Morta·

304 3069 440 3152 litusque
461 3068 631 3132 hominum
653 3068 759 3147 tertia,
784 3075 816 3132 et
840 3068 978 3131 maxime
1002 3067 1254 3150 alienigenarum

305 3172 481 3236 Londoniae
495 3172 578 3250 fuit;
597 3193 633 3236 ao
648 3172 683 3236 in
699 3172 809 3236 multis
825 3170 893 3235 aliis
907 3171 1133 3254 indigenarum
1150 3172 1254 3256 [gra]-

303 3275 431 3341 vissima
444 3276 521 3341 locis
536 3276 625 3342 villas
640 3275 739 3341 etiam
752 3276 895 3360 integras
915 3274 1020 3360 [cons]
1026 3273 1166 3340 umebat.
