3212 5102
380 583 444 646 130
679 601 881 646 canorrccn
898 602 1035 646 Aroma

378 723 482 782 resta:
506 721 539 781 et
554 723 649 800 capta
661 716 870 800 inquisitione
886 718 972 802 apud
988 719 1119 782 Bernak
1139 739 1197 802 per
1215 717 1334 782 duode-

380 821 444 885 cim
465 819 584 903 legales
605 820 762 900 homines,
786 826 819 884 et
840 821 910 904 regi
931 821 1129 898 transmissa,
1152 821 1336 905 adjudicata

382 928 430 988 est
445 921 553 986 warda
567 922 645 986 dicti
660 923 773 986 Briani
791 923 901 987 abbati
921 923 961 986 de
983 924 1104 1007 Burgo,
1120 929 1153 986 et
1176 925 1241 987 suis
1265 944 1335 986 suc-

382 1023 559 1088 cessoribus
573 1023 609 1086 in
624 1031 827 1108 perpetuum.
860 1026 903 1089 Et
918 1025 1005 1090 idem
1020 1018 1118 1090 abbas
1134 1027 1245 1090 statim
1259 1048 1335 1091 con·

382 1127 477 1192 cessit
504 1126 641 1191 eandem
669 1127 810 1192 wardam
840 1127 971 1192 domino
998 1127 1169 1212 Radulpho
1198 1128 1335 1206 Neville,

382 1231 531 1315 episcopo
546 1231 717 1309 Oicestriae,
733 1238 813 1296 tunc
826 1231 911 1314 regis
926 1231 1125 1295 cancellario.

426 1334 620 1399 A.D.1228.
652 1333 742 1398 Obiit
756 1334 911 1417 magister
928 1334 1112 1418 Stephanus
1127 1332 1335 1415 archiepisco·

359 1460 440 1523 ⁸pus
455 1425 696 1502 cantuariensis
717 1444 806 1502 sexto
826 1438 899 1502 idus
916 1438 1005 1502 Julii.
1052 1438 1164 1504 Ouum
1185 1437 1336 1500 dominus

383 1561 468 1624 papa
489 1539 665 1604 celebraret
689 1540 860 1604 concilium
884 1542 1005 1620 Romae,
1029 1541 1088 1605 viae
1110 1563 1168 1624 per
1191 1561 1279 1604 mare
1303 1545 1336 1603 et

383 1664 440 1726 per
461 1648 582 1706 terram
605 1642 646 1706 ad
665 1643 836 1707 concilium
856 1643 1056 1708 venientium
1075 1642 1336 1728 praecluduntur:

383 1746 471 1810 unde
496 1745 561 1810 duo
583 1745 769 1826 cardinales,
795 1747 946 1810 etmulti
971 1747 1104 1830 praelati,
1129 1746 1277 1831 episcopi,
1304 1751 1337 1809 et

384 1849 527 1928 abbates,
543 1855 576 1913 et
599 1849 654 1913 alii
676 1849 792 1928 clerici,
813 1849 952 1914 maxime
973 1871 1031 1933 per
1052 1872 1141 1914 mare
1160 1849 1336 1926 venientes,

383 1974 441 2036 per
461 1952 663 2036 imperatoris
684 1952 825 2016 fautores
848 1953 1030 2036 capiuntur.
1074 1953 1233 2018 Dominus
1255 1973 1338 2034 papa

383 2054 609 2137 imperatorem
625 2055 923 2135 excommunicavit,
936 2063 968 2120 et
984 2077 1095 2120 omnes
1109 2056 1246 2120 barones
1261 2055 1337 2118 Ale·

384 2157 524 2221 manniae
544 2178 564 2220 a
583 2179 641 2221 sua
659 2157 814 2221 fidelitate
835 2157 978 2221 absolvit.
1024 2157 1141 2221 Franci
1160 2143 1254 2221 cruce
1274 2155 1337 2237 sig-

384 2259 455 2324 nati
470 2264 547 2324 sunt
568 2260 604 2322 in
627 2267 756 2344 pectore
771 2267 885 2325 contra
897 2260 1099 2344 Albigenses.
1146 2260 1236 2324 Obiit
1257 2259 1337 2342 [Eu-

386 2363 540 2446 stachius]
562 2363 728 2446 episcopus
743 2363 994 2443 Londoniensi13
1017 2363 1070 2427 cui
1084 2363 1236 2428 successit
1257 2363 1337 2445 [Ito-

386 2465 511 2548 gerus].
557 2465 647 2530 Obiit
663 2466 827 2531 Golfridus
850 2467 890 2531 de
912 2469 1032 2552 Burgc‚
1048 2467 1213 2551 episcopus
1228 2465 1338 2528 Elian-

387 2569 439 2632 sis.
493 2567 654 2632 Miracula
677 2568 867 2632 creberrime
892 2568 978 2634 facta
1007 2574 1083 2632 sunt
1113 2568 1154 2633 ad
1182 2567 1338 2631 feretrum

388 2671 491 2736 sancti
505 2671 646 2749 Thomae,
663 2671 889 2754 archiepiscopi
904 2671 1155 2736 Cantuariensis.

431 2773 632 2837 A.D.1229.
671 2772 828 2838 Ricardus
849 2796 987 2858 magnus
1008 2774 1045 2838 in
1067 2773 1339 2856 archiepiscopum

389 2876 655 2941 Cantuariensem
684 2884 889 2941 consecratur
918 2884 1031 2960 quarto
1059 2899 1162 2941 nonas
1185 2875 1337 2958 Augusti.

389 2980 571 3044 Willelmur
590 2979 793 3045 Mariscallus
809 2981 920 3065 junior
939 2980 1029 3046 obiit.
1074 2981 1235 3045 Dominus
1256 2999 1340 3062 papa

387 3083 497 3147 literas
518 3104 590 3147 suas
611 3082 852 3167 supplicatorias
873 3089 906 3148 et
928 3073 1186 3147 comminatorias
1207 3082 1338 3146 domino

388 3187 459 3271 regi
473 3187 610 3272 Angliae,
625 3209 684 3271 pro
699 3187 881 3272 supradicto
895 3187 1071 3267 Falchasic,
1087 3208 1162 3250 curn
1183 3186 1339 3269 magistro

390 3290 530 3370 Othone,
549 3290 744 3355 subdiacono
766 3295 799 3355 et
821 3290 984 3374 capellano
1005 3311 1072 3370 suo,
1094 3289 1283 3365 destinavit3
1306 3294 1339 3352 et

390 3399 463 3476 post
484 3395 657 3458 nonnullas
678 3394 928 3478 praedicationes,
952 3393 1208 3477 supplicationes,
1232 3401 1264 3457 et
1288 3413 1339 3456 cx·

390 3483 589 3562 hortationes
607 3519 665 3581 pro
683 3497 836 3581 praedictc
853 3497 1018 3562 Falchasio
1039 3497 1169 3560 domino
1187 3496 1257 3580 regi
1275 3496 1339 3560 fac-

390 3605 451 3676 tas,
467 3600 625 3684 supplicat
643 3620 726 3684 papa
745 3607 778 3664 et
797 3604 900 3685 rogat,
916 3606 954 3664 ut
969 3601 1078 3664 omnia
1093 3621 1164 3683 quae
1179 3599 1339 3679 amiserat,

389 3706 459 3764 tam
479 3701 516 3764 in
537 3700 633 3766 rebus
654 3703 826 3768 mobilibus
842 3725 939 3788 quam
955 3703 1183 3783 immobilibus,
1200 3703 1340 3787 exceptis

390 3802 536 3882 mortuis,
549 3801 610 3867 sibi
623 3805 855 3869 restituantur:
879 3812 911 3870 et
928 3805 1005 3870 dicit
1019 3828 1102 3890 papa
1115 3828 1173 3890 pro
1187 3807 1341 3890 praedicto

391 3903 565 3984 Falchasio,
589 3901 628 3970 err
650 3928 713 3990 quo
736 3908 822 3991 quod
842 3908 879 3972 in
901 3910 1009 3992 aliquo
1032 3910 1176 3990 excessit,
1199 3917 1232 3975 et
1255 3911 1341 3994 quod

390 4007 611 4091 imprudenter
625 4009 779 4089 offendit3
803 4011 859 4076 sed
879 4013 1013 4095 grandia
1033 4013 1158 4094 merita,
1175 4036 1247 4098 quae
1260 4036 1341 4097 prae-

391 4117 561 4191 cesserant,
577 4112 638 4177 sibi
656 4113 754 4178 etiam
774 4116 878 4198 gravis
898 4117 1000 4200 culpae
1017 4118 1200 4183 debuerunt
1214 4117 1341 4182 veniam

390 4217 570 4301 impetrare,
595 4224 628 4284 et
654 4240 673 4284 a
695 4240 791 4303 poena
814 4221 883 4304 ejus
907 4222 1156 4287 commotionem
1177 4228 1270 4286 tuam
1291 4221 1342 4285 vel
