<?xml version="1.0" encoding="UTF-8"?>
<!DOCTYPE html PUBLIC "-//W3C//DTD XHTML 1.0 Transitional//EN"
    "http://www.w3.org/TR/xhtml1/DTD/xhtml1-transitional.dtd">
<html xmlns="http://www.w3.org/1999/xhtml" xml:lang="en" lang="en">
 <head>
  <title>
</title>
<meta http-equiv="Content-Type" content="text/html;charset=utf-8" />
  <meta name='ocr-system' content='tesseract 3.04.00' />
  <meta name='ocr-capabilities' content='ocr_page ocr_carea ocr_par ocr_line ocrx_word'/>
</head>
<body>
  <div class='ocr_page' id='page_1' title='image "./chroniconanglia00chrogoog_0113.png"; bbox 0 0 3212 5102; ppageno 0'>
   <div class='ocr_carea' id='block_1_1' title="bbox 638 605 1273 670">
    <p class='ocr_par' dir='ltr' id='par_1_1' title="bbox 638 605 1273 670">
     <span class='ocr_line' id='line_1_1' title="bbox 638 605 1273 670; baseline 0.005 -4"><span class='ocrx_word' id='word_1_1' title='bbox 638 623 941 667; x_wconf 64' lang='lat' dir='ltr'>marmannorum.</span> <span class='ocrx_word' id='word_1_2' title='bbox 1233 605 1273 670; x_wconf 88' lang='grc'>91</span> 
     </span>
    </p>
   </div>
   <div class='ocr_carea' id='block_1_2' title="bbox 254 736 1282 4227">
    <p class='ocr_par' dir='ltr' id='par_1_2' title="bbox 325 736 1278 1026">
     <span class='ocr_line' id='line_1_2' title="bbox 326 736 1276 822; baseline 0 -17"><span class='ocrx_word' id='word_1_3' title='bbox 326 739 495 818; x_wconf 89' lang='lat' dir='ltr'>ciensibus,</span> <span class='ocrx_word' id='word_1_4' title='bbox 510 739 696 804; x_wconf 80' lang='lat' dir='ltr'>&#39;Phorneton</span> <span class='ocrx_word' id='word_1_5' title='bbox 717 759 813 822; x_wconf 88' lang='lat' dir='ltr'>super</span> <span class='ocrx_word' id='word_1_6' title='bbox 833 736 1016 801; x_wconf 89' lang='lat' dir='ltr'>Humbram</span> <span class='ocrx_word' id='word_1_7' title='bbox 1040 738 1079 802; x_wconf 90' lang='lat' dir='ltr'>de</span> <span class='ocrx_word' id='word_1_8' title='bbox 1101 739 1202 822; x_wconf 87' lang='lat' dir='ltr'>nigris</span> <span class='ocrx_word' id='word_1_9' title='bbox 1225 762 1276 805; x_wconf 91' lang='lat' dir='ltr'>ca-</span> 
     </span>
     <span class='ocr_line' id='line_1_3' title="bbox 325 841 1278 928; baseline 0 -20"><span class='ocrx_word' id='word_1_10' title='bbox 325 845 460 923; x_wconf 89' lang='lat' dir='ltr'>nonicis,</span> <span class='ocrx_word' id='word_1_11' title='bbox 476 851 509 907; x_wconf 85' lang='lat' dir='ltr'>et</span> <span class='ocrx_word' id='word_1_12' title='bbox 526 843 773 928; x_wconf 86' lang='lat' dir='ltr'>Sempringham</span> <span class='ocrx_word' id='word_1_13' title='bbox 796 842 835 905; x_wconf 93' lang='lat' dir='ltr'>de</span> <span class='ocrx_word' id='word_1_14' title='bbox 858 841 1154 907; x_wconf 88' lang='lat' dir='ltr'>sanctimonialibus</span> <span class='ocrx_word' id='word_1_15' title='bbox 1174 843 1278 908; x_wconf 91' lang='lat' dir='ltr'>inclu-</span> 
     </span>
     <span class='ocr_line' id='line_1_4' title="bbox 326 946 586 1026; baseline -0.012 -15"><span class='ocrx_word' id='word_1_16' title='bbox 326 947 379 1026; x_wconf 87' lang='lat' dir='ltr'>sis,</span> <span class='ocrx_word' id='word_1_17' title='bbox 394 946 586 1010; x_wconf 85' lang='lat' dir='ltr'>fundantur.</span> 
     </span>
    </p>

    <p class='ocr_par' dir='ltr' id='par_1_3' title="bbox 320 1044 1281 1649">
     <span class='ocr_line' id='line_1_5' title="bbox 367 1044 1281 1132; baseline -0.002 -18"><span class='ocrx_word' id='word_1_18' title='bbox 367 1050 452 1114; x_wconf 72' lang='lat' dir='ltr'>Ad).</span> <span class='ocrx_word' id='word_1_19' title='bbox 479 1051 573 1112; x_wconf 78' lang='lat'>1140.</span> <span class='ocrx_word' id='word_1_20' title='bbox 619 1048 747 1111; x_wconf 90' lang='lat' dir='ltr'>Bellum</span> <span class='ocrx_word' id='word_1_21' title='bbox 769 1048 991 1131; x_wconf 83' lang='lat' dir='ltr'>interregem</span> <span class='ocrx_word' id='word_1_22' title='bbox 1016 1047 1218 1132; x_wconf 83' lang='lat' dir='ltr'>Stephanum</span> <span class='ocrx_word' id='word_1_23' title='bbox 1244 1044 1281 1112; x_wconf 94' lang='lat' dir='ltr'>et</span> 
     </span>
     <span class='ocr_line' id='line_1_6' title="bbox 325 1150 1277 1235; baseline -0.003 -18"><span class='ocrx_word' id='word_1_24' title='bbox 325 1152 506 1217; x_wconf 87' lang='lat' dir='ltr'>Robertum</span> <span class='ocrx_word' id='word_1_25' title='bbox 521 1150 672 1216; x_wconf 89' lang='lat' dir='ltr'>comitem</span> <span class='ocrx_word' id='word_1_26' title='bbox 689 1151 879 1230; x_wconf 89' lang='lat' dir='ltr'>Gloverniae,</span> <span class='ocrx_word' id='word_1_27' title='bbox 895 1151 980 1235; x_wconf 91' lang='lat' dir='ltr'>apud</span> <span class='ocrx_word' id='word_1_28' title='bbox 996 1151 1208 1230; x_wconf 85' lang='lat' dir='ltr'>Lincolniam,</span> <span class='ocrx_word' id='word_1_29' title='bbox 1225 1151 1277 1215; x_wconf 93' lang='lat' dir='ltr'>die</span> 
     </span>
     <span class='ocr_line' id='line_1_7' title="bbox 323 1253 1277 1340; baseline -0.001 -21"><span class='ocrx_word' id='word_1_30' title='bbox 323 1255 554 1340; x_wconf 86' lang='lat' dir='ltr'>purificationis</span> <span class='ocrx_word' id='word_1_31' title='bbox 568 1254 673 1319; x_wconf 89' lang='lat' dir='ltr'>beatae</span> <span class='ocrx_word' id='word_1_32' title='bbox 688 1254 812 1332; x_wconf 88' lang='lat' dir='ltr'>Mariae,</span> <span class='ocrx_word' id='word_1_33' title='bbox 828 1253 885 1318; x_wconf 91' lang='lat' dir='ltr'>ubi</span> <span class='ocrx_word' id='word_1_34' title='bbox 903 1275 959 1319; x_wconf 87' lang='lat' dir='ltr'>rex</span> <span class='ocrx_word' id='word_1_35' title='bbox 976 1255 1160 1339; x_wconf 82' lang='lat' dir='ltr'>Stephanus</span> <span class='ocrx_word' id='word_1_36' title='bbox 1173 1255 1277 1320; x_wconf 89' lang='lat' dir='ltr'>victus</span> 
     </span>
     <span class='ocr_line' id='line_1_8' title="bbox 325 1358 1276 1442; baseline 0 -19"><span class='ocrx_word' id='word_1_37' title='bbox 325 1366 374 1423; x_wconf 86' lang='lat' dir='ltr'>est</span> <span class='ocrx_word' id='word_1_38' title='bbox 396 1366 429 1424; x_wconf 91' lang='lat' dir='ltr'>et</span> <span class='ocrx_word' id='word_1_39' title='bbox 451 1366 575 1442; x_wconf 86' lang='lat' dir='ltr'>captus.</span> <span class='ocrx_word' id='word_1_40' title='bbox 620 1358 814 1442; x_wconf 80' lang='lat' dir='ltr'>imperatrix</span> <span class='ocrx_word' id='word_1_41' title='bbox 834 1379 910 1441; x_wconf 86' lang='lat' dir='ltr'>ergo</span> <span class='ocrx_word' id='word_1_42' title='bbox 929 1380 1040 1422; x_wconf 88' lang='lat' dir='ltr'>omnes</span> <span class='ocrx_word' id='word_1_43' title='bbox 1056 1359 1180 1441; x_wconf 83' lang='lat' dir='ltr'>Anglos</span> <span class='ocrx_word' id='word_1_44' title='bbox 1201 1358 1276 1423; x_wconf 90' lang='lat' dir='ltr'>sub·</span> 
     </span>
     <span class='ocr_line' id='line_1_9' title="bbox 320 1461 1278 1546; baseline -0.002 -19"><span class='ocrx_word' id='word_1_45' title='bbox 320 1463 433 1546; x_wconf 86' lang='lat' dir='ltr'>jectos,</span> <span class='ocrx_word' id='word_1_46' title='bbox 456 1462 508 1525; x_wconf 90' lang='lat' dir='ltr'>his</span> <span class='ocrx_word' id='word_1_47' title='bbox 534 1462 674 1546; x_wconf 88' lang='lat' dir='ltr'>exceptis</span> <span class='ocrx_word' id='word_1_48' title='bbox 701 1461 932 1540; x_wconf 86' lang='lat' dir='ltr'>Kentensibus,</span> <span class='ocrx_word' id='word_1_49' title='bbox 956 1484 1034 1546; x_wconf 89' lang='lat' dir='ltr'>quos</span> <span class='ocrx_word' id='word_1_50' title='bbox 1060 1463 1173 1545; x_wconf 83' lang='lat' dir='ltr'>regina</span> <span class='ocrx_word' id='word_1_51' title='bbox 1197 1484 1278 1526; x_wconf 87' lang='lat' dir='ltr'>uxor</span> 
     </span>
     <span class='ocr_line' id='line_1_10' title="bbox 324 1563 1276 1649; baseline -0.001 -19"><span class='ocrx_word' id='word_1_52' title='bbox 324 1566 408 1649; x_wconf 81' lang='lat' dir='ltr'>regis</span> <span class='ocrx_word' id='word_1_53' title='bbox 422 1565 578 1649; x_wconf 83' lang='lat' dir='ltr'><strong>Stephani</strong></span> <span class='ocrx_word' id='word_1_54' title='bbox 594 1563 699 1628; x_wconf 89' lang='lat' dir='ltr'>adhuc</span> <span class='ocrx_word' id='word_1_55' title='bbox 713 1565 908 1645; x_wconf 76' lang='lat' dir='ltr'><strong>retentabat,</strong></span> <span class='ocrx_word' id='word_1_56' title='bbox 923 1564 959 1628; x_wconf 89' lang='lat' dir='ltr'>in</span> <span class='ocrx_word' id='word_1_57' title='bbox 974 1565 1145 1629; x_wconf 88' lang='lat' dir='ltr'>elationem</span> <span class='ocrx_word' id='word_1_58' title='bbox 1161 1573 1276 1644; x_wconf 89' lang='lat' dir='ltr'>erecta,</span> 
     </span>
    </p>

    <p class='ocr_par' dir='ltr' id='par_1_4' title="bbox 254 1668 1279 2353">
     <span class='ocr_line' id='line_1_11' title="bbox 325 1668 1278 1746; baseline 0 -14"><span class='ocrx_word' id='word_1_59' title='bbox 325 1669 503 1734; x_wconf 77' lang='lat' dir='ltr'>mrdtorum</span> <span class='ocrx_word' id='word_1_60' title='bbox 527 1669 661 1744; x_wconf 90' lang='lat' dir='ltr'>animos,</span> <span class='ocrx_word' id='word_1_61' title='bbox 688 1674 721 1732; x_wconf 90' lang='lat' dir='ltr'>et</span> <span class='ocrx_word' id='word_1_62' title='bbox 744 1668 882 1732; x_wconf 83' lang='lat' dir='ltr'><strong>maxime</strong></span> <span class='ocrx_word' id='word_1_63' title='bbox 905 1668 1180 1746; x_wconf 87' lang='lat' dir='ltr'>Londonensium,</span> <span class='ocrx_word' id='word_1_64' title='bbox 1203 1691 1223 1732; x_wconf 90' lang='lat' dir='ltr'>a</span> <span class='ocrx_word' id='word_1_65' title='bbox 1244 1690 1278 1732; x_wconf 90' lang='lat' dir='ltr'>se</span> 
     </span>
     <span class='ocr_line' id='line_1_12' title="bbox 254 1760 1278 1855; baseline 0 -19"><span class='ocrx_word' id='word_1_66' title='bbox 254 1760 256 1764; x_wconf 37' lang='lat'>⁵</span> <span class='ocrx_word' id='word_1_67' title='bbox 326 1772 450 1854; x_wconf 83' lang='lat' dir='ltr'>avertit,</span> <span class='ocrx_word' id='word_1_68' title='bbox 474 1771 562 1836; x_wconf 92' lang='lat' dir='ltr'>unde</span> <span class='ocrx_word' id='word_1_69' title='bbox 590 1771 736 1855; x_wconf 89' lang='lat' dir='ltr'>proximo</span> <span class='ocrx_word' id='word_1_70' title='bbox 758 1770 843 1835; x_wconf 92' lang='lat' dir='ltr'>bello</span> <span class='ocrx_word' id='word_1_71' title='bbox 872 1771 958 1834; x_wconf 88' lang='lat' dir='ltr'>inter</span> <span class='ocrx_word' id='word_1_72' title='bbox 987 1771 1064 1834; x_wconf 88' lang='lat' dir='ltr'>alios</span> <span class='ocrx_word' id='word_1_73' title='bbox 1091 1779 1203 1855; x_wconf 85' lang='lat' dir='ltr'>captus</span> <span class='ocrx_word' id='word_1_74' title='bbox 1229 1780 1278 1836; x_wconf 90' lang='lat' dir='ltr'>est</span> 
     </span>
     <span class='ocr_line' id='line_1_13' title="bbox 326 1873 1278 1957; baseline -0.005 -15"><span class='ocrx_word' id='word_1_75' title='bbox 326 1876 488 1942; x_wconf 84' lang='lat' dir='ltr'>Robertus</span> <span class='ocrx_word' id='word_1_76' title='bbox 503 1897 609 1940; x_wconf 90' lang='lat' dir='ltr'>comes</span> <span class='ocrx_word' id='word_1_77' title='bbox 627 1874 818 1954; x_wconf 81' lang='lat' dir='ltr'>Glosemiae,</span> <span class='ocrx_word' id='word_1_78' title='bbox 835 1881 868 1938; x_wconf 90' lang='lat' dir='ltr'>et</span> <span class='ocrx_word' id='word_1_79' title='bbox 885 1873 929 1938; x_wconf 91' lang='lat' dir='ltr'>sic</span> <span class='ocrx_word' id='word_1_80' title='bbox 944 1895 1000 1938; x_wconf 91' lang='lat' dir='ltr'>rex</span> <span class='ocrx_word' id='word_1_81' title='bbox 1014 1895 1072 1957; x_wconf 85' lang='lat' dir='ltr'>pro</span> <span class='ocrx_word' id='word_1_82' title='bbox 1089 1895 1127 1938; x_wconf 92' lang='lat' dir='ltr'>eo</span> <span class='ocrx_word' id='word_1_83' title='bbox 1143 1873 1278 1938; x_wconf 90' lang='lat' dir='ltr'>dimitti-</span> 
     </span>
     <span class='ocr_line' id='line_1_14' title="bbox 325 1977 1278 2062; baseline 0 -20"><span class='ocrx_word' id='word_1_84' title='bbox 325 1985 390 2058; x_wconf 83' lang='lat' dir='ltr'>tur,</span> <span class='ocrx_word' id='word_1_85' title='bbox 406 2000 444 2043; x_wconf 95' lang='lat' dir='ltr'>eo</span> <span class='ocrx_word' id='word_1_86' title='bbox 460 1978 545 2062; x_wconf 93' lang='lat' dir='ltr'>quod</span> <span class='ocrx_word' id='word_1_87' title='bbox 565 1978 625 2043; x_wconf 83' lang='lat' dir='ltr'>sub</span> <span class='ocrx_word' id='word_1_88' title='bbox 646 1978 715 2062; x_wconf 90' lang='lat' dir='ltr'>ejus</span> <span class='ocrx_word' id='word_1_89' title='bbox 735 1977 883 2041; x_wconf 88' lang='lat' dir='ltr'>custodia</span> <span class='ocrx_word' id='word_1_90' title='bbox 903 1978 988 2062; x_wconf 90' lang='lat' dir='ltr'>apud</span> <span class='ocrx_word' id='word_1_91' title='bbox 1008 1978 1205 2042; x_wconf 87' lang='lat' dir='ltr'>Bristolliam</span> <span class='ocrx_word' id='word_1_92' title='bbox 1224 2000 1278 2042; x_wconf 88' lang='lat' dir='ltr'>rex</span> 
     </span>
     <span class='ocr_line' id='line_1_15' title="bbox 326 2080 1279 2166; baseline -0.001 -19"><span class='ocrx_word' id='word_1_93' title='bbox 326 2089 502 2147; x_wconf 86' lang='lat' dir='ltr'>teneretur.</span> <span class='ocrx_word' id='word_1_94' title='bbox 556 2084 627 2146; x_wconf 87' lang='lat' dir='ltr'>Rex</span> <span class='ocrx_word' id='word_1_95' title='bbox 649 2103 725 2147; x_wconf 88' lang='lat' dir='ltr'>vero</span> <span class='ocrx_word' id='word_1_96' title='bbox 750 2081 855 2146; x_wconf 91' lang='lat' dir='ltr'>David</span> <span class='ocrx_word' id='word_1_97' title='bbox 885 2087 918 2146; x_wconf 91' lang='lat' dir='ltr'>et</span> <span class='ocrx_word' id='word_1_98' title='bbox 946 2081 1133 2166; x_wconf 81' lang='lat' dir='ltr'>imperatrix</span> <span class='ocrx_word' id='word_1_99' title='bbox 1159 2080 1279 2146; x_wconf 89' lang='lat' dir='ltr'>abillo</span> 
     </span>
     <span class='ocr_line' id='line_1_16' title="bbox 325 2185 1279 2271; baseline -0.001 -22"><span class='ocrx_word' id='word_1_100' title='bbox 325 2186 439 2271; x_wconf 87' lang='lat' dir='ltr'>proelio</span> <span class='ocrx_word' id='word_1_101' title='bbox 459 2192 627 2250; x_wconf 82' lang='lat' dir='ltr'>evascnmt</span> <span class='ocrx_word' id='word_1_102' title='bbox 648 2185 717 2249; x_wconf 88' lang='lat' dir='ltr'>sine</span> <span class='ocrx_word' id='word_1_103' title='bbox 737 2185 888 2270; x_wconf 83' lang='lat' dir='ltr'>periculo.</span> <span class='ocrx_word' id='word_1_104' title='bbox 933 2185 1076 2262; x_wconf 87' lang='lat' dir='ltr'>Abbatia</span> <span class='ocrx_word' id='word_1_105' title='bbox 1092 2185 1131 2250; x_wconf 93' lang='lat' dir='ltr'>de</span> <span class='ocrx_word' id='word_1_106' title='bbox 1146 2185 1279 2269; x_wconf 86' lang='lat' dir='ltr'>Pipwell</span> 
     </span>
     <span class='ocr_line' id='line_1_17' title="bbox 327 2273 493 2353; baseline -0.006 0"><span class='ocrx_word' id='word_1_107' title='bbox 327 2273 493 2353; x_wconf 83' lang='lat' dir='ltr'>fundatur.</span> 
     </span>
    </p>

    <p class='ocr_par' dir='ltr' id='par_1_5' title="bbox 327 2391 1280 3507">
     <span class='ocr_line' id='line_1_18' title="bbox 370 2391 1279 2478; baseline -0.001 -21"><span class='ocrx_word' id='word_1_108' title='bbox 370 2394 456 2457; x_wconf 88' lang='lat' dir='ltr'><strong>A.D.</strong></span> <span class='ocrx_word' id='word_1_109' title='bbox 474 2393 567 2456; x_wconf 82' lang='lat'>1141.</span> <span class='ocrx_word' id='word_1_110' title='bbox 607 2395 675 2457; x_wconf 86' lang='lat' dir='ltr'>Rex</span> <span class='ocrx_word' id='word_1_111' title='bbox 699 2393 882 2478; x_wconf 82' lang='lat' dir='ltr'>Stephanus</span> <span class='ocrx_word' id='word_1_112' title='bbox 900 2393 1137 2477; x_wconf 84' lang='lat' dir='ltr'>imperatricem</span> <span class='ocrx_word' id='word_1_113' title='bbox 1153 2391 1279 2456; x_wconf 81' lang='lat' dir='ltr'>obsidet</span> 
     </span>
     <span class='ocr_line' id='line_1_19' title="bbox 327 2495 1279 2580; baseline -0.002 -20"><span class='ocrx_word' id='word_1_114' title='bbox 327 2497 414 2580; x_wconf 87' lang='lat' dir='ltr'>apud</span> <span class='ocrx_word' id='word_1_115' title='bbox 436 2496 595 2575; x_wconf 88' lang='lat' dir='ltr'>Oxonias;</span> <span class='ocrx_word' id='word_1_116' title='bbox 620 2496 676 2560; x_wconf 89' lang='lat' dir='ltr'>sed</span> <span class='ocrx_word' id='word_1_117' title='bbox 697 2497 761 2575; x_wconf 90' lang='lat' dir='ltr'>illa,</span> <span class='ocrx_word' id='word_1_118' title='bbox 785 2496 900 2580; x_wconf 82' lang='lat' dir='ltr'>grandi</span> <span class='ocrx_word' id='word_1_119' title='bbox 922 2497 995 2560; x_wconf 84' lang='lat' dir='ltr'>nive</span> <span class='ocrx_word' id='word_1_120' title='bbox 1018 2495 1058 2560; x_wconf 88' lang='lat' dir='ltr'>de</span> <span class='ocrx_word' id='word_1_121' title='bbox 1081 2497 1160 2560; x_wconf 91' lang='lat' dir='ltr'>coelo</span> <span class='ocrx_word' id='word_1_122' title='bbox 1183 2501 1279 2560; x_wconf 92' lang='lat' dir='ltr'>nocte</span> 
     </span>
     <span class='ocr_line' id='line_1_20' title="bbox 328 2599 1279 2682; baseline -0.003 -18"><span class='ocrx_word' id='word_1_123' title='bbox 328 2600 473 2678; x_wconf 88' lang='lat' dir='ltr'>cadente,</span> <span class='ocrx_word' id='word_1_124' title='bbox 495 2606 528 2664; x_wconf 94' lang='lat' dir='ltr'>et</span> <span class='ocrx_word' id='word_1_125' title='bbox 547 2600 644 2664; x_wconf 86' lang='lat' dir='ltr'>fluvio</span> <span class='ocrx_word' id='word_1_126' title='bbox 663 2600 813 2664; x_wconf 80' lang='lat' dir='ltr'>Tamensi</span> <span class='ocrx_word' id='word_1_127' title='bbox 835 2600 1014 2682; x_wconf 83' lang='lat' dir='ltr'>congelato,</span> <span class='ocrx_word' id='word_1_128' title='bbox 1036 2599 1071 2662; x_wconf 93' lang='lat' dir='ltr'>in</span> <span class='ocrx_word' id='word_1_129' title='bbox 1093 2605 1181 2664; x_wconf 87' lang='lat' dir='ltr'>veste</span> <span class='ocrx_word' id='word_1_130' title='bbox 1203 2619 1279 2662; x_wconf 89' lang='lat' dir='ltr'>can-</span> 
     </span>
     <span class='ocr_line' id='line_1_21' title="bbox 328 2702 1279 2787; baseline -0.004 -20"><span class='ocrx_word' id='word_1_131' title='bbox 328 2704 403 2767; x_wconf 89' lang='lat' dir='ltr'>dida</span> <span class='ocrx_word' id='word_1_132' title='bbox 423 2704 508 2787; x_wconf 84' lang='lat' dir='ltr'>regis</span> <span class='ocrx_word' id='word_1_133' title='bbox 529 2724 646 2767; x_wconf 88' lang='lat' dir='ltr'>manus</span> <span class='ocrx_word' id='word_1_134' title='bbox 668 2703 778 2781; x_wconf 86' lang='lat' dir='ltr'>evasit,</span> <span class='ocrx_word' id='word_1_135' title='bbox 794 2709 827 2766; x_wconf 83' lang='lat' dir='ltr'>et</span> <span class='ocrx_word' id='word_1_136' title='bbox 844 2702 1123 2786; x_wconf 78' lang='lat' dir='ltr'>wallingfordiam</span> <span class='ocrx_word' id='word_1_137' title='bbox 1146 2708 1279 2766; x_wconf 91' lang='lat' dir='ltr'>conten-</span> 
     </span>
     <span class='ocr_line' id='line_1_22' title="bbox 328 2805 1280 2890; baseline -0.001 -20"><span class='ocrx_word' id='word_1_138' title='bbox 328 2807 385 2872; x_wconf 89' lang='lat' dir='ltr'>dit.</span> <span class='ocrx_word' id='word_1_139' title='bbox 431 2807 607 2872; x_wconf 85' lang='lat' dir='ltr'>Castellum</span> <span class='ocrx_word' id='word_1_140' title='bbox 630 2828 704 2872; x_wconf 86' lang='lat' dir='ltr'>vcro</span> <span class='ocrx_word' id='word_1_141' title='bbox 727 2807 861 2872; x_wconf 86' lang='lat' dir='ltr'>Oxoniae</span> <span class='ocrx_word' id='word_1_142' title='bbox 882 2813 954 2890; x_wconf 90' lang='lat' dir='ltr'>post</span> <span class='ocrx_word' id='word_1_143' title='bbox 979 2807 1048 2890; x_wconf 88' lang='lat' dir='ltr'>ejus</span> <span class='ocrx_word' id='word_1_144' title='bbox 1070 2805 1180 2888; x_wconf 82' lang='lat' dir='ltr'>fugam</span> <span class='ocrx_word' id='word_1_145' title='bbox 1204 2826 1280 2869; x_wconf 88' lang='lat' dir='ltr'>mox</span> 
     </span>
     <span class='ocr_line' id='line_1_23' title="bbox 328 2909 1278 2992; baseline -0.001 -19"><span class='ocrx_word' id='word_1_146' title='bbox 328 2916 459 2992; x_wconf 85' lang='lat' dir='ltr'>captum</span> <span class='ocrx_word' id='word_1_147' title='bbox 474 2916 533 2974; x_wconf 90' lang='lat' dir='ltr'>est.</span> <span class='ocrx_word' id='word_1_148' title='bbox 577 2909 747 2974; x_wconf 83' lang='lat' dir='ltr'>Albericus</span> <span class='ocrx_word' id='word_1_149' title='bbox 770 2911 809 2974; x_wconf 92' lang='lat' dir='ltr'>de</span> <span class='ocrx_word' id='word_1_150' title='bbox 825 2910 892 2974; x_wconf 89' lang='lat' dir='ltr'>Ver</span> <span class='ocrx_word' id='word_1_151' title='bbox 913 2910 1070 2974; x_wconf 89' lang='lat' dir='ltr'>occiditur</span> <span class='ocrx_word' id='word_1_152' title='bbox 1092 2909 1278 2987; x_wconf 85' lang='lat' dir='ltr'>Londoniis,</span> 
     </span>
     <span class='ocr_line' id='line_1_24' title="bbox 328 3012 1280 3078; baseline -0.001 -2"><span class='ocrx_word' id='word_1_153' title='bbox 328 3013 484 3077; x_wconf 87' lang='lat' dir='ltr'>seditione</span> <span class='ocrx_word' id='word_1_154' title='bbox 498 3012 625 3077; x_wconf 86' lang='lat' dir='ltr'>civium.</span> <span class='ocrx_word' id='word_1_155' title='bbox 672 3013 850 3077; x_wconf 85' lang='lat' dir='ltr'>Combusta</span> <span class='ocrx_word' id='word_1_156' title='bbox 864 3020 912 3077; x_wconf 89' lang='lat' dir='ltr'>est</span> <span class='ocrx_word' id='word_1_157' title='bbox 928 3014 1060 3078; x_wconf 90' lang='lat' dir='ltr'>ecclesia</span> <span class='ocrx_word' id='word_1_158' title='bbox 1074 3012 1280 3076; x_wconf 84' lang='lat' dir='ltr'>Lincolnien-</span> 
     </span>
     <span class='ocr_line' id='line_1_25' title="bbox 328 3115 1279 3194; baseline -0.004 -14"><span class='ocrx_word' id='word_1_159' title='bbox 328 3117 370 3180; x_wconf 88' lang='lat' dir='ltr'>sis</span> <span class='ocrx_word' id='word_1_160' title='bbox 399 3117 435 3181; x_wconf 92' lang='lat' dir='ltr'>in</span> <span class='ocrx_word' id='word_1_161' title='bbox 464 3116 547 3180; x_wconf 86' lang='lat' dir='ltr'>festo</span> <span class='ocrx_word' id='word_1_162' title='bbox 576 3115 681 3180; x_wconf 84' lang='lat' dir='ltr'>sancti</span> <span class='ocrx_word' id='word_1_163' title='bbox 704 3115 834 3186; x_wconf 88' lang='lat' dir='ltr'>Albani.</span> <span class='ocrx_word' id='word_1_164' title='bbox 885 3116 984 3180; x_wconf 86' lang='lat' dir='ltr'>Fulco</span> <span class='ocrx_word' id='word_1_165' title='bbox 1009 3137 1065 3178; x_wconf 86' lang='lat' dir='ltr'>rex</span> <span class='ocrx_word' id='word_1_166' title='bbox 1090 3115 1279 3194; x_wconf 85' lang='lat' dir='ltr'>Jerusalem,</span> 
     </span>
     <span class='ocr_line' id='line_1_26' title="bbox 329 3219 1280 3303; baseline -0.001 -20"><span class='ocrx_word' id='word_1_167' title='bbox 329 3220 417 3297; x_wconf 92' lang='lat' dir='ltr'>dum,</span> <span class='ocrx_word' id='word_1_168' title='bbox 432 3225 591 3303; x_wconf 87' lang='lat' dir='ltr'>praesente</span> <span class='ocrx_word' id='word_1_169' title='bbox 605 3219 727 3302; x_wconf 84' lang='lat' dir='ltr'>regina,</span> <span class='ocrx_word' id='word_1_170' title='bbox 743 3219 884 3301; x_wconf 91' lang='lat' dir='ltr'>leporem</span> <span class='ocrx_word' id='word_1_171' title='bbox 899 3219 1121 3296; x_wconf 88' lang='lat' dir='ltr'>insectaretur,</span> <span class='ocrx_word' id='word_1_172' title='bbox 1135 3240 1217 3301; x_wconf 90' lang='lat' dir='ltr'>equo</span> <span class='ocrx_word' id='word_1_173' title='bbox 1229 3239 1280 3282; x_wconf 90' lang='lat' dir='ltr'>ca-</span> 
     </span>
     <span class='ocr_line' id='line_1_27' title="bbox 330 3320 1280 3404; baseline 0.001 -20"><span class='ocrx_word' id='word_1_174' title='bbox 330 3322 427 3385; x_wconf 90' lang='lat' dir='ltr'>dente</span> <span class='ocrx_word' id='word_1_175' title='bbox 441 3322 476 3384; x_wconf 93' lang='lat' dir='ltr'>in</span> <span class='ocrx_word' id='word_1_176' title='bbox 490 3332 611 3385; x_wconf 87' lang='lat' dir='ltr'>terram</span> <span class='ocrx_word' id='word_1_177' title='bbox 627 3342 790 3398; x_wconf 79' lang='lat' dir='ltr'>comnena,</span> <span class='ocrx_word' id='word_1_178' title='bbox 804 3320 971 3384; x_wconf 86' lang='lat' dir='ltr'>cerebrum</span> <span class='ocrx_word' id='word_1_179' title='bbox 985 3341 1043 3404; x_wconf 92' lang='lat' dir='ltr'>per</span> <span class='ocrx_word' id='word_1_180' title='bbox 1056 3321 1175 3398; x_wconf 92' lang='lat' dir='ltr'>oculos,</span> <span class='ocrx_word' id='word_1_181' title='bbox 1187 3341 1280 3385; x_wconf 86' lang='lat' dir='ltr'>aures</span> 
     </span>
     <span class='ocr_line' id='line_1_28' title="bbox 330 3423 1279 3507; baseline 0.001 -21"><span class='ocrx_word' id='word_1_182' title='bbox 330 3430 362 3486; x_wconf 92' lang='lat' dir='ltr'>et</span> <span class='ocrx_word' id='word_1_183' title='bbox 377 3445 470 3487; x_wconf 88' lang='lat' dir='ltr'>nares</span> <span class='ocrx_word' id='word_1_184' title='bbox 486 3423 611 3487; x_wconf 87' lang='lat' dir='ltr'>effudit.</span> <span class='ocrx_word' id='word_1_185' title='bbox 650 3423 810 3486; x_wconf 82' lang='lat' dir='ltr'>Successit</span> <span class='ocrx_word' id='word_1_186' title='bbox 825 3423 910 3486; x_wconf 89' lang='lat' dir='ltr'>filius</span> <span class='ocrx_word' id='word_1_187' title='bbox 925 3423 995 3507; x_wconf 86' lang='lat' dir='ltr'>ejus</span> <span class='ocrx_word' id='word_1_188' title='bbox 1010 3423 1195 3486; x_wconf 82' lang='lat' dir='ltr'>Baldwinus</span> <span class='ocrx_word' id='word_1_189' title='bbox 1211 3424 1279 3487; x_wconf 81' lang='lat' dir='ltr'>III:</span> 
     </span>
    </p>

    <p class='ocr_par' dir='ltr' id='par_1_6' title="bbox 329 3526 1282 4227">
     <span class='ocr_line' id='line_1_29' title="bbox 373 3526 1280 3610; baseline 0.001 -20"><span class='ocrx_word' id='word_1_190' title='bbox 373 3527 572 3591; x_wconf 77' lang='lat' dir='ltr'><strong>A.D.1142.</strong></span> <span class='ocrx_word' id='word_1_191' title='bbox 610 3526 700 3590; x_wconf 92' lang='lat' dir='ltr'>Obiit</span> <span class='ocrx_word' id='word_1_192' title='bbox 716 3526 928 3591; x_wconf 89' lang='lat' dir='ltr'>Innocentius</span> <span class='ocrx_word' id='word_1_193' title='bbox 948 3548 1041 3610; x_wconf 91' lang='lat' dir='ltr'>papa,</span> <span class='ocrx_word' id='word_1_194' title='bbox 1057 3526 1109 3590; x_wconf 91' lang='lat' dir='ltr'>cui</span> <span class='ocrx_word' id='word_1_195' title='bbox 1130 3528 1280 3592; x_wconf 84' lang='lat' dir='ltr'>successit</span> 
     </span>
     <span class='ocr_line' id='line_1_30' title="bbox 330 3629 1282 3695; baseline 0.002 -2"><span class='ocrx_word' id='word_1_196' title='bbox 330 3629 511 3694; x_wconf 75' lang='lat' dir='ltr'>celestinus</span> <span class='ocrx_word' id='word_1_197' title='bbox 536 3629 717 3694; x_wconf 86' lang='lat' dir='ltr'>secundus:</span> <span class='ocrx_word' id='word_1_198' title='bbox 749 3629 810 3693; x_wconf 89' lang='lat' dir='ltr'>sub</span> <span class='ocrx_word' id='word_1_199' title='bbox 833 3633 897 3693; x_wconf 89' lang='lat' dir='ltr'>isto</span> <span class='ocrx_word' id='word_1_200' title='bbox 919 3629 1055 3694; x_wconf 84' lang='lat' dir='ltr'>fundata</span> <span class='ocrx_word' id='word_1_201' title='bbox 1078 3636 1126 3693; x_wconf 87' lang='lat' dir='ltr'>est</span> <span class='ocrx_word' id='word_1_202' title='bbox 1151 3630 1282 3695; x_wconf 89' lang='lat' dir='ltr'>abbatia</span> 
     </span>
     <span class='ocr_line' id='line_1_31' title="bbox 330 3732 1280 3819; baseline 0.002 -23"><span class='ocrx_word' id='word_1_203' title='bbox 330 3733 370 3797; x_wconf 92' lang='lat' dir='ltr'>de</span> <span class='ocrx_word' id='word_1_204' title='bbox 397 3739 508 3798; x_wconf 87' lang='lat' dir='ltr'>sancto</span> <span class='ocrx_word' id='word_1_205' title='bbox 530 3733 706 3797; x_wconf 85' lang='lat' dir='ltr'>Laurentio</span> <span class='ocrx_word' id='word_1_206' title='bbox 728 3733 768 3798; x_wconf 91' lang='lat' dir='ltr'>de</span> <span class='ocrx_word' id='word_1_207' title='bbox 791 3732 949 3819; x_wconf 85' lang='lat' dir='ltr'>Revysby,</span> <span class='ocrx_word' id='word_1_208' title='bbox 972 3734 1038 3798; x_wconf 90' lang='lat' dir='ltr'>filia</span> <span class='ocrx_word' id='word_1_209' title='bbox 1060 3735 1280 3813; x_wconf 87' lang='lat' dir='ltr'>Rievallensis,</span> 
     </span>
     <span class='ocr_line' id='line_1_32' title="bbox 330 3837 1279 3922; baseline 0.004 -22"><span class='ocrx_word' id='word_1_210' title='bbox 330 3843 441 3902; x_wconf 89' lang='lat' dir='ltr'>sancto</span> <span class='ocrx_word' id='word_1_211' title='bbox 455 3837 576 3902; x_wconf 88' lang='lat' dir='ltr'>Ahedo</span> <span class='ocrx_word' id='word_1_212' title='bbox 590 3837 694 3920; x_wconf 84' lang='lat' dir='ltr'>primo</span> <span class='ocrx_word' id='word_1_213' title='bbox 708 3837 777 3922; x_wconf 90' lang='lat' dir='ltr'>ejus</span> <span class='ocrx_word' id='word_1_214' title='bbox 792 3837 918 3902; x_wconf 85' lang='lat' dir='ltr'>abbate.</span> <span class='ocrx_word' id='word_1_215' title='bbox 964 3838 1126 3903; x_wconf 84' lang='lat' dir='ltr'>Oelestino</span> <span class='ocrx_word' id='word_1_216' title='bbox 1141 3848 1279 3918; x_wconf 84' lang='lat' dir='ltr'>mortuo,</span> 
     </span>
     <span class='ocr_line' id='line_1_33' title="bbox 330 3939 1280 4027; baseline 0.005 -24"><span class='ocrx_word' id='word_1_217' title='bbox 330 3940 481 4004; x_wconf 88' lang='lat' dir='ltr'>successit</span> <span class='ocrx_word' id='word_1_218' title='bbox 496 3941 616 4005; x_wconf 85' lang='lat' dir='ltr'>Lucius</span> <span class='ocrx_word' id='word_1_219' title='bbox 631 3941 679 4006; x_wconf 92' lang='lat' dir='ltr'>II.</span> <span class='ocrx_word' id='word_1_220' title='bbox 726 3939 899 4020; x_wconf 89' lang='lat' dir='ltr'>Henricus,</span> <span class='ocrx_word' id='word_1_221' title='bbox 909 3941 1145 4008; x_wconf 90' lang='lat' dir='ltr'>Wintoniensis</span> <span class='ocrx_word' id='word_1_222' title='bbox 1160 3943 1280 4027; x_wconf 88' lang='lat' dir='ltr'>episco-</span> 
     </span>
     <span class='ocr_line' id='line_1_34' title="bbox 329 4044 1280 4128; baseline 0.004 -21"><span class='ocrx_word' id='word_1_223' title='bbox 329 4065 400 4126; x_wconf 87' lang='lat' dir='ltr'>pus,</span> <span class='ocrx_word' id='word_1_224' title='bbox 431 4044 611 4128; x_wconf 88' lang='lat' dir='ltr'>apostolicae</span> <span class='ocrx_word' id='word_1_225' title='bbox 644 4044 727 4109; x_wconf 90' lang='lat' dir='ltr'>sedis</span> <span class='ocrx_word' id='word_1_226' title='bbox 757 4046 893 4128; x_wconf 82' lang='lat' dir='ltr'>legatus,</span> <span class='ocrx_word' id='word_1_227' title='bbox 923 4045 1095 4109; x_wconf 90' lang='lat' dir='ltr'>concilium</span> <span class='ocrx_word' id='word_1_228' title='bbox 1123 4068 1280 4128; x_wconf 85' lang='lat' dir='ltr'>magnum</span> 
     </span>
     <span class='ocr_line' id='line_1_35' title="bbox 330 4147 1279 4227; baseline 0.001 -16"><span class='ocrx_word' id='word_1_229' title='bbox 330 4147 509 4212; x_wconf 83' lang='lat' dir='ltr'>Londoniae</span> <span class='ocrx_word' id='word_1_230' title='bbox 535 4147 684 4212; x_wconf 88' lang='lat' dir='ltr'>celebrat.</span> <span class='ocrx_word' id='word_1_231' title='bbox 735 4148 899 4212; x_wconf 83' lang='lat' dir='ltr'>Galfridus</span> <span class='ocrx_word' id='word_1_232' title='bbox 926 4148 967 4213; x_wconf 93' lang='lat' dir='ltr'>de</span> <span class='ocrx_word' id='word_1_233' title='bbox 992 4149 1200 4227; x_wconf 86' lang='lat' dir='ltr'>Mandavilla,</span> <span class='ocrx_word' id='word_1_234' title='bbox 1227 4171 1279 4212; x_wconf 83' lang='lat' dir='ltr'>ex-</span> 
     </span>
    </p>
   </div>
   <div class='ocr_carea' id='block_1_3' title="bbox 329 4251 1280 4337">
    <p class='ocr_par' dir='ltr' id='par_1_7' title="bbox 329 4251 1280 4337">
     <span class='ocr_line' id='line_1_36' title="bbox 329 4251 1280 4337; baseline 0.002 -23"><span class='ocrx_word' id='word_1_235' title='bbox 329 4252 429 4334; x_wconf 87' lang='lat' dir='ltr'>pulsis</span> <span class='ocrx_word' id='word_1_236' title='bbox 451 4251 627 4330; x_wconf 88' lang='lat' dir='ltr'>monachis,</span> <span class='ocrx_word' id='word_1_237' title='bbox 645 4252 868 4316; x_wconf 84' lang='lat' dir='ltr'>Rameseiense</span> <span class='ocrx_word' id='word_1_238' title='bbox 889 4251 1071 4316; x_wconf 89' lang='lat' dir='ltr'>coenobium</span> <span class='ocrx_word' id='word_1_239' title='bbox 1087 4253 1181 4337; x_wconf 88' lang='lat' dir='ltr'>cepit,</span> <span class='ocrx_word' id='word_1_240' title='bbox 1198 4259 1230 4316; x_wconf 92' lang='lat' dir='ltr'>et</span> <span class='ocrx_word' id='word_1_241' title='bbox 1244 4253 1280 4316; x_wconf 90' lang='lat' dir='ltr'>in</span> 
     </span>
    </p>
   </div>
   <div class='ocr_carea' id='block_1_4' title="bbox 0 0 1619 5102">
    <p class='ocr_par' dir='ltr' id='par_1_8' title="bbox 0 0 1619 5102">
     <span class='ocr_line' id='line_1_37' title="bbox 0 0 1619 5102; baseline 0 0"><span class='ocrx_word' id='word_1_242' title='bbox 0 0 1619 5102; x_wconf 95' lang='lat' dir='ltr'> </span> 
     </span>
    </p>
   </div>
  </div>
 </body>
</html>
