3218 5098
634 663 926 708 rnraraunonnsn.
1218 648 1256 710 15

345 779 432 844 A.D.
449 780 524 844 855.
559 778 742 859 Lotharius,
761 782 943 845 convocatis
962 780 1089 865 imperii
1108 781 1259 866 principi-

303 882 376 962 bus,
401 883 489 946 inter
511 882 593 946 filios
619 904 693 947 suos
722 890 789 948 tres
818 905 956 967 regnum
986 905 1082 949 suum
1110 885 1258 968 partitur.

304 986 468 1051 Ludovieo
491 987 632 1066 Italiam,
660 1007 757 1070 quem
781 993 815 1051 et
843 987 1072 1072 imperatorem
1100 989 1258 1068 nominat,

305 1089 461 1154 Irothario
487 1089 743 1173 Letharingiam,
771 1091 892 1155 Karolo
923 1089 1103 1156 Hessorum
1131 1092 1259 1174 provin-

303 1192 387 1256 ciam
402 1200 435 1256 et
452 1193 592 1256 Galliam
614 1192 780 1276 Belgicam
803 1193 901 1273 dedit,
927 1200 960 1258 et
980 1194 1091 1258 statim
1114 1195 1259 1258 Prunam

305 1296 538 1361 monasterium
566 1296 741 1379 ingressus,
768 1297 832 1362 cito
862 1297 952 1362 obiit.
989 1297 1078 1362 Dani
1100 1297 1136 1360 in
1153 1297 1260 1362 insula

308 1399 461 1484 Schepeie
488 1399 687 1464 hiemabant.
731 1400 945 1466 Ethelwulfus
968 1400 1107 1465 decimas
1136 1401 1260 1484 primus

305 1503 488 1585 Anglorum
503 1503 574 1567 Deo
590 1503 690 1567 dedit.

349 1608 435 1672 A.D.
463 1609 538 1674 857.
581 1607 795 1672 Ethelwnlfus
824 1628 881 1673 rex
910 1607 1010 1673 obiit:
1047 1606 1260 1672 Ethelbaldus

308 1711 471 1775 successit.

351 1815 437 1879 A.D.
453 1815 527 1877 868.
561 1814 775 1879 Ethelbaldus
789 1820 823 1879 et
837 1813 1048 1879 Ethelbertus
1059 1814 1174 1879 fratres
1188 1835 1259 1898 reg-

307 1939 388 1982 num
401 1918 489 1982 inter
504 1939 537 1982 se
552 1919 748 2002 partiuntur.

348 2021 434 2085 A.D.
447 2023 521 2085 859.
559 2021 698 2085 Sanctus
713 2019 906 2085 Edmundus
921 2019 1127 2086 orientalium
1136 2021 1260 2105 Anglo-

307 2145 383 2188 rum
397 2125 536 2208 suscepit
550 2146 699 2208 regnum.

352 2228 438 2292 A.D.
465 2230 540 2292 861.
588 2227 801 2293 Ethelbaldus
826 2249 883 2293 rex
907 2228 1006 2294 obiit:
1033 2228 1086 2293 oui
1109 2229 1260 2294 successit

309 2331 517 2396 Ethelbertus
536 2331 637 2396 frater
656 2353 733 2396 suus
742 2357 753 2410 3
776 2333 832 2415 qui
851 2333 949 2396 etiam
968 2338 1041 2415 post
1060 2331 1186 2396 obitum
1204 2354 1260 2416 pa·

308 2435 375 2498 trui
390 2435 440 2498 sui
456 2433 644 2498 Athelstani
657 2455 795 2518 regnum
809 2435 934 2500 Cantiae
948 2441 1124 2519 acceperat.

351 2538 437 2602 A.D.
454 2539 529 2601 864.
565 2539 704 2602 Sanctus
722 2538 908 2602 Swithunus
923 2537 1013 2603 obiit.
1047 2539 1185 2602 Sanctus
1199 2536 1260 2602 Ni-

309 2641 418 2705 colaus
436 2662 520 2724 papa
539 2641 729 2705 Lotharium
743 2641 969 2723 imperatorem
983 2663 1116 2706 uxorem
1130 2647 1261 2724 propter

310 2743 505 2809 adulterium
533 2745 703 2828 repudiare
731 2745 920 2809 molientem
945 2746 1049 2828 coegit
1077 2745 1261 2827 legitimum

310 2869 435 2912 servare
460 2849 658 2934 conjuginm.
702 2849 827 2932 Pagani
852 2850 888 2912 in
913 2849 1040 2914 Taneth
1062 2848 1260 2928 hiemabant,

309 2957 403 3035 pacto
417 2950 537 3016 foedere
552 2974 627 3017 cum
642 2952 854 3032 Cantuaricis,
871 2953 924 3016 sed
942 2953 1028 3017 ficto.

352 3055 438 3120 al).
455 3057 529 3120 866.
565 3055 774 3120 Ethelbertus
789 3077 845 3121 rex
860 3055 956 3121 obiit:
982 3055 1134 3120 successit
1148 3056 1260 3120 Ethel-

310 3157 405 3223 redus
419 3159 520 3224 frater
535 3161 614 3244 ejus.
658 3159 763 3225 Erant
777 3160 827 3224 his
847 3160 1046 3243 temporibus
1069 3159 1262 3243 gravissimae

311 3263 507 3344 afflictiones,
522 3263 656 3347 paganis
670 3264 815 3346 undique
829 3262 1093 3347 irrumpentibus,
1106 3263 1162 3346 qui
1175 3262 1262 3327 Nor-

310 3364 510 3430 thumbriam
522 3366 730 3446 invadentes,
750 3366 934 3431 Eboracum
955 3372 1124 3448 occupant,
1143 3364 1261 3428 Estan-

312 3468 410 3550 gliam
436 3469 680 3553 depopulantur,
707 3471 865 3535 Marciam
889 3469 1015 3533 intrant
1041 3467 1261 3552 subjugantes,

312 3572 398 3653 apud
412 3573 638 3655 Nothingham
652 3573 850 3638 hiemabant.

353 3675 439 3739 ΑΒ.
465 3677 540 3742 867.
579 3676 737 3741 Osbertus
757 3683 790 3742 et
809 3677 881 3741 Ella
903 3696 996 3760 reges
1015 3674 1262 3740 Northanhum-

310 3775 442 3841 brorum
456 3778 656 3843 occiduntur.

355 3881 441 3944 A.D.
458 3883 533 3945 868.
573 3883 761 3966 Burgredus
780 3903 837 3946 rex
856 3881 1056 3946 Marciorum
1074 3903 1132 3965 per
1151 3882 1263 3946 Dauos

313 3984 463 4068 expulsus
479 3993 537 4064 est,
553 3992 592 4050 ut
607 3986 693 4069 apud
707 3986 934 4068 Nothingham
947 3985 1139 4049 hiemarent.

355 4087 441 4153 A.D.
458 4090 533 4153 869.
574 4089 744 4154 Exercitus
765 4109 973 4174 paganorum,
995 4088 1121 4152 Marcia
1141 4087 1263 4166 relicta,

311 4190 495 4256 Eboracum
509 4191 685 4276 repetebat,
700 4191 821 4256 ibidem
834 4192 1045 4261 hiematurus.

356 4295 441 4360 A.D.
469 4298 543 4362 870.
597 4295 721 4380 Pagani
750 4295 931 4361 Eboracum
967 4295 1197 4378 relinquentes,
1228 4293 1264 4358 in
