3226 5100
393 643 415 705 ὃ
690 661 891 708 canourcou
908 661 1045 706 suumn

436 778 521 844 A.D.
538 781 612 845 723.
650 779 801 846 Saraceni
815 778 939 846 confini
949 779 990 845 de
1005 777 1172 845 obsidione
1186 777 1348 844 Constan-

393 881 609 966 tinopolitana
622 889 836 949 recesserunt.

437 986 523 1051 ΑΒ.
540 989 614 1052 725.
657 985 731 1052 Hoc
746 1008 832 1052 anno
844 987 934 1051 Beda
948 993 1135 1072 compotum
1149 1007 1246 1051 suum
1260 984 1347 1050 feeit.

394 1089 584 1154 Withredus
598 1111 655 1154 rex
670 1090 795 1155 Cantiae
810 1089 900 1154 obiit.

437 1192 527 1267 111).Ι
543 1195 617 1260 728.
658 1191 718 1258 Ine
739 1215 797 1258 rex
818 1192 1026 1258 occidentalis
1051 1191 1209 1272 Saxoniae,
1232 1191 1346 1257 relicto

393 1314 495 1378 regno
514 1294 698 1376 Aldelardo,
714 1297 852 1362 Romam
869 1295 1091 1380 proficiscitur,
1107 1304 1141 1364 et
1157 1294 1205 1359 ibi
1224 1316 1347 1380 pauper

395 1398 517 1463 Christi
530 1407 685 1480 moratur,
702 1406 735 1465 et
749 1400 898 1465 moritur.

438 1502 524 1567 ΑΒ.
541 1506 615 1568 729.
653 1505 728 1568 Duo
738 1509 872 1568 cometae
882 1523 981 1587 prope
992 1501 1092 1566 solem
1103 1522 1213 1566 mense
1223 1501 1346 1566 Janua·

393 1602 435 1666 rii
458 1610 685 1688 appamerunt.
739 1604 800 1668 Vir
828 1603 961 1668 Domini
990 1602 1162 1687 Egbertus,
1187 1604 1346 1687 Anglieus

393 1706 536 1786 natione,
557 1707 613 1790 qui
633 1713 782 1772 sanctum
796 1706 1050 1771 willebrordum
1068 1706 1110 1770 ad
1127 1707 1265 1772 Frisium
1285 1708 1346 1772 mi-

395 1815 491 1889 serat,
507 1809 637 1875 obiitin
653 1810 822 1876 Hibernia.
868 1809 1009 1875 Offrieus
1027 1830 1085 1875 rex
1098 1809 1346 1876 Northanhum-

395 1910 528 1978 brorum
543 1912 634 1978 obiit.

438 2015 523 2080 A.D.
540 2017 614 2080 731.
655 2015 878 2080 Berthwaldus
901 2016 1155 2102 archiepiscopus
1173 2017 1343 2083 cantuari-

395 2118 480 2181 ensis
510 2117 610 2183 obiit:
648 2119 801 2183 successit
830 2119 1004 2184 'Iatwinus
1058 2119 1233 2203 Gregorius
1261 2140 1344 2204 papa

394 2217 493 2284 obiit:
516 2219 669 2284 successit
683 2220 765 2284 alter
780 2220 966 2303 Gregorius.

437 2322 523 2387 A.D.
541 2325 614 2388 733.
655 2321 889 2388 liuthbrandus
910 2345 966 2389 rex
989 2323 1278 2408 Longobardorum
1299 2323 1342 2388 ir·

393 2425 578 2509 ruptionem
595 2426 827 2491 Saracenorum
841 2428 970 2507 timens,
985 2428 1136 2512 reliquias
1155 2428 1260 2493 sancti
1273 2427 1342 2495 Au·

393 2529 516 2612 gustini
529 2529 648 2595 'lisinis
661 2530 839 2595 transtulit.

436 2633 521 2697 Aa).
539 2635 612 2699 734.
653 2633 817 2698 Tatwinus
833 2632 1088 2718 archiepiscopus
1100 2632 1342 2698 cantuariensis

392 2733 1340 2821 obiit3cnisuccessitNothelmusLondoniensisepiscopus.

435 2838 520 2903 Ab.
537 2841 610 2904 735.
651 2838 742 2904 Beda
755 2838 945 2904 venerabilis
960 2841 1083 2905 Doctor
1098 2840 1187 2905 obiit

434 2942 519 3007 Ab.
537 2943 611 3008 736.
651 2942 818 3008 Bissextus
832 2949 912 3022 erat,
927 2950 961 3008 et
974 2965 1034 3028 pro
1047 2944 1080 3008 A
1093 2943 1188 3010 litera
1202 2943 1340 3010 domini·

391 3043 452 3108 eali
466 3045 551 3110 facta
565 3051 614 3110 est
628 3047 667 3110 B.

433 3148 518 3213 A.D.
535 3150 608 3214 741.
662 3148 730 3214 Leo
752 3149 935 3233 Imperator
955 3148 1054 3214 obiit:
1078 3149 1231 3215 successit
1252 3150 1338 3215 Con·

389 3252 552 3318 stantinus
576 3253 662 3318 filius
685 3253 764 3338 ejus.
811 3253 950 3319 Karolus
975 3254 1109 3318 'Pndites
1134 3254 1215 3319 obiit
1225 3280 1235 3333 3
1267 3275 1338 3319 suo·

388 3357 483 3422 cessit
508 3357 664 3443 Pippinus
689 3357 774 3422 filius
804 3358 891 3442 ejus:
920 3357 975 3423 hic
1004 3357 1044 3423 de
1073 3358 1194 3442 majore
1223 3357 1337 3422 domus

387 3461 486 3544 regiae
513 3461 617 3526 factus
646 3467 696 3527 est
724 3483 781 3526 rex
810 3461 1019 3527 Francomm.
1067 3461 1155 3525 Item
1184 3460 1337 3526 defuncto

386 3563 565 3637 Nothelmo
576 3565 813 3649 archiepiscopo
822 3563 1058 3644 cantuariensi,
1070 3563 1222 3630 successit
1233 3563 1336 3644 Guth-

386 3664 498 3732 bertus
513 3667 679 3751 episcopus
695 3666 952 3732 Herefordensis.

428 3769 513 3833 A.D.
538 3772 612 3835 742.
662 3770 837 3852 Gregorius
858 3771 947 3854 Papa
968 3767 1072 3834 obiit:
1101 3771 1252 3835 successit
1274 3769 1333 3834 Za·

386 3871 521 3938 chariss.

427 3977 512 4041 An).
540 3977 614 4041 744.
670 3976 741 4040 Rex
768 3975 981 4040 Ethelbaldus
1014 3998 1033 4040 a
1062 3975 1230 4041 Bonifacio
1259 3974 1333 4040 Ma·

384 4079 523 4164 guntino
545 4080 692 4165 episcopo
713 4080 918 4160 ammonitis,
939 4079 1122 4160 concilium,
1140 4078 1335 4164 praesidente

382 4183 565 4250 cuthberto
584 4183 830 4268 archiepiscopo,
846 4185 916 4250 fieri
936 4184 1023 4265 fecit,
1039 4191 1072 4250 et
1093 4183 1260 4250 libertates
1282 4204 1333 4248 eo-

382 4288 486 4353 elesiae
500 4309 584 4354 novo
597 4287 818 4372 privilegiavit.
