<?xml version="1.0" encoding="UTF-8"?>
<!DOCTYPE html PUBLIC "-//W3C//DTD XHTML 1.0 Transitional//EN"
    "http://www.w3.org/TR/xhtml1/DTD/xhtml1-transitional.dtd">
<html xmlns="http://www.w3.org/1999/xhtml" xml:lang="en" lang="en">
 <head>
  <title>
</title>
<meta http-equiv="Content-Type" content="text/html;charset=utf-8" />
  <meta name='ocr-system' content='tesseract 3.04.00' />
  <meta name='ocr-capabilities' content='ocr_page ocr_carea ocr_par ocr_line ocrx_word'/>
</head>
<body>
  <div class='ocr_page' id='page_1' title='image "./chroniconanglia00chrogoog_0139.png"; bbox 0 0 3216 5104; ppageno 0'>
   <div class='ocr_carea' id='block_1_1' title="bbox 599 585 1216 667">
    <p class='ocr_par' dir='ltr' id='par_1_1' title="bbox 599 585 1216 667">
     <span class='ocr_line' id='line_1_1' title="bbox 599 585 1216 667; baseline 0.011 -8"><span class='ocrx_word' id='word_1_1' title='bbox 599 617 887 662; x_wconf 81' lang='lat' dir='ltr'>rnrurauneuusn.</span> <span class='ocrx_word' id='word_1_2' title='bbox 918 585 919 588; x_wconf 23' lang='lat'>¹</span> <span class='ocrx_word' id='word_1_3' title='bbox 1155 605 1216 667; x_wconf 86' lang='grc'>117</span> 
     </span>
    </p>
   </div>
   <div class='ocr_carea' id='block_1_2' title="bbox 258 735 1218 925">
    <p class='ocr_par' dir='ltr' id='par_1_2' title="bbox 258 735 1218 925">
     <span class='ocr_line' id='line_1_2' title="bbox 258 735 1217 818; baseline 0.006 -20"><span class='ocrx_word' id='word_1_4' title='bbox 258 735 423 800; x_wconf 88' lang='lat' dir='ltr'>remeavit.</span> <span class='ocrx_word' id='word_1_5' title='bbox 469 735 543 798; x_wconf 89' lang='lat' dir='ltr'>Jam</span> <span class='ocrx_word' id='word_1_6' title='bbox 566 736 600 798; x_wconf 91' lang='lat' dir='ltr'>in</span> <span class='ocrx_word' id='word_1_7' title='bbox 626 735 794 815; x_wconf 82' lang='lat' dir='ltr'>Hibernia,</span> <span class='ocrx_word' id='word_1_8' title='bbox 810 738 938 815; x_wconf 88' lang='lat' dir='ltr'>Wallia,</span> <span class='ocrx_word' id='word_1_9' title='bbox 959 747 991 803; x_wconf 94' lang='lat' dir='ltr'>et</span> <span class='ocrx_word' id='word_1_10' title='bbox 1017 739 1133 818; x_wconf 84' lang='lat' dir='ltr'>Scotia,</span> <span class='ocrx_word' id='word_1_11' title='bbox 1149 763 1217 805; x_wconf 90' lang='lat' dir='ltr'>non</span> 
     </span>
     <span class='ocr_line' id='line_1_3' title="bbox 259 839 1218 925; baseline 0.005 -23"><span class='ocrx_word' id='word_1_12' title='bbox 259 845 338 916; x_wconf 90' lang='lat' dir='ltr'>erat,</span> <span class='ocrx_word' id='word_1_13' title='bbox 355 839 410 922; x_wconf 90' lang='lat' dir='ltr'>qui</span> <span class='ocrx_word' id='word_1_14' title='bbox 425 839 493 920; x_wconf 87' lang='lat' dir='ltr'>regi</span> <span class='ocrx_word' id='word_1_15' title='bbox 509 841 776 918; x_wconf 81' lang='lat' dir='ltr'>contramutiret3</span> <span class='ocrx_word' id='word_1_16' title='bbox 799 841 885 924; x_wconf 93' lang='lat' dir='ltr'>quod</span> <span class='ocrx_word' id='word_1_17' title='bbox 899 842 982 904; x_wconf 92' lang='lat' dir='ltr'>nulli</span> <span class='ocrx_word' id='word_1_18' title='bbox 1001 849 1129 925; x_wconf 91' lang='lat' dir='ltr'>patrum</span> <span class='ocrx_word' id='word_1_19' title='bbox 1143 865 1218 907; x_wconf 92' lang='lat' dir='ltr'>suo-</span> 
     </span>
    </p>
   </div>
   <div class='ocr_carea' id='block_1_3' title="bbox 257 942 1285 3704">
    <p class='ocr_par' dir='ltr' id='par_1_3' title="bbox 258 942 1218 1108">
     <span class='ocr_line' id='line_1_4' title="bbox 258 942 1218 1027; baseline 0.008 -23"><span class='ocrx_word' id='word_1_20' title='bbox 258 963 333 1004; x_wconf 89' lang='lat' dir='ltr'>rum</span> <span class='ocrx_word' id='word_1_21' title='bbox 362 942 535 1023; x_wconf 79' lang='lat' dir='ltr'><strong>contigisse</strong></span> <span class='ocrx_word' id='word_1_22' title='bbox 561 947 680 1006; x_wconf 68' lang='lat' dir='ltr'>&#39;notum</span> <span class='ocrx_word' id='word_1_23' title='bbox 708 950 777 1007; x_wconf 91' lang='lat' dir='ltr'>est:</span> <span class='ocrx_word' id='word_1_24' title='bbox 815 943 891 1008; x_wconf 84' lang='lat' dir='ltr'>felix</span> <span class='ocrx_word' id='word_1_25' title='bbox 919 965 1004 1027; x_wconf 87' lang='lat' dir='ltr'>ergo,</span> <span class='ocrx_word' id='word_1_26' title='bbox 1031 946 1094 1009; x_wconf 91' lang='lat' dir='ltr'>nisi</span> <span class='ocrx_word' id='word_1_27' title='bbox 1123 952 1218 1012; x_wconf 87' lang='lat' dir='ltr'>terrae</span> 
     </span>
     <span class='ocr_line' id='line_1_5' title="bbox 259 1045 714 1108; baseline 0.002 -1"><span class='ocrx_word' id='word_1_28' title='bbox 259 1045 484 1108; x_wconf 85' lang='lat' dir='ltr'>transmarinae</span> <span class='ocrx_word' id='word_1_29' title='bbox 498 1045 714 1108; x_wconf 82' lang='lat' dir='ltr'>recessissent.</span> 
     </span>
    </p>

    <p class='ocr_par' dir='ltr' id='par_1_4' title="bbox 257 1147 1285 2777">
     <span class='ocr_line' id='line_1_6' title="bbox 302 1147 1218 1234; baseline 0.005 -24"><span class='ocrx_word' id='word_1_30' title='bbox 302 1147 388 1210; x_wconf 71' lang='lat' dir='ltr'>Ab.</span> <span class='ocrx_word' id='word_1_31' title='bbox 407 1150 500 1210; x_wconf 80' lang='lat'>1212.</span> <span class='ocrx_word' id='word_1_32' title='bbox 546 1148 724 1211; x_wconf 86' lang='lat' dir='ltr'>Londoniae</span> <span class='ocrx_word' id='word_1_33' title='bbox 743 1149 807 1212; x_wconf 89' lang='lat' dir='ltr'>tria</span> <span class='ocrx_word' id='word_1_34' title='bbox 828 1150 932 1212; x_wconf 88' lang='lat' dir='ltr'>millia</span> <span class='ocrx_word' id='word_1_35' title='bbox 950 1150 1119 1214; x_wconf 92' lang='lat' dir='ltr'>hominum</span> <span class='ocrx_word' id='word_1_36' title='bbox 1141 1153 1218 1234; x_wconf 87' lang='lat' dir='ltr'>igne</span> 
     </span>
     <span class='ocr_line' id='line_1_7' title="bbox 261 1251 1220 1338; baseline 0.007 -25"><span class='ocrx_word' id='word_1_37' title='bbox 261 1257 295 1313; x_wconf 92' lang='lat' dir='ltr'>et</span> <span class='ocrx_word' id='word_1_38' title='bbox 324 1268 407 1333; x_wconf 88' lang='lat' dir='ltr'>aqua</span> <span class='ocrx_word' id='word_1_39' title='bbox 436 1251 608 1333; x_wconf 89' lang='lat' dir='ltr'>perierunt.</span> <span class='ocrx_word' id='word_1_40' title='bbox 665 1252 783 1334; x_wconf 81' lang='lat' dir='ltr'>Reguli</span> <span class='ocrx_word' id='word_1_41' title='bbox 806 1252 1030 1332; x_wconf 88' lang='lat' dir='ltr'>Wallensium,</span> <span class='ocrx_word' id='word_1_42' title='bbox 1054 1277 1138 1338; x_wconf 89' lang='lat' dir='ltr'>papa</span> <span class='ocrx_word' id='word_1_43' title='bbox 1167 1277 1220 1320; x_wconf 90' lang='lat' dir='ltr'>eos</span> 
     </span>
     <span class='ocr_line' id='line_1_8' title="bbox 260 1354 1219 1438; baseline 0.007 -23"><span class='ocrx_word' id='word_1_44' title='bbox 260 1360 461 1436; x_wconf 79' lang='lat' dir='ltr'>provocante,</span> <span class='ocrx_word' id='word_1_45' title='bbox 485 1361 518 1417; x_wconf 89' lang='lat' dir='ltr'>et</span> <span class='ocrx_word' id='word_1_46' title='bbox 545 1377 564 1418; x_wconf 94' lang='lat' dir='ltr'>a</span> <span class='ocrx_word' id='word_1_47' title='bbox 585 1354 706 1418; x_wconf 89' lang='lat' dir='ltr'>foedere</span> <span class='ocrx_word' id='word_1_48' title='bbox 729 1376 815 1418; x_wconf 88' lang='lat' dir='ltr'>anno</span> <span class='ocrx_word' id='word_1_49' title='bbox 840 1357 1041 1438; x_wconf 77' lang='lat' dir='ltr'>praecedente</span> <span class='ocrx_word' id='word_1_50' title='bbox 1064 1379 1138 1421; x_wconf 93' lang='lat' dir='ltr'>cum</span> <span class='ocrx_word' id='word_1_51' title='bbox 1163 1360 1219 1422; x_wconf 88' lang='lat' dir='ltr'>Jo-</span> 
     </span>
     <span class='ocr_line' id='line_1_9' title="bbox 260 1456 1285 1544; baseline 0.008 -26"><span class='ocrx_word' id='word_1_52' title='bbox 260 1456 367 1519; x_wconf 91' lang='lat' dir='ltr'>hanne</span> <span class='ocrx_word' id='word_1_53' title='bbox 394 1478 470 1538; x_wconf 85' lang='lat' dir='ltr'>rege</span> <span class='ocrx_word' id='word_1_54' title='bbox 493 1457 575 1520; x_wconf 91' lang='lat' dir='ltr'>inito</span> <span class='ocrx_word' id='word_1_55' title='bbox 600 1457 757 1534; x_wconf 87' lang='lat' dir='ltr'>recedere,</span> <span class='ocrx_word' id='word_1_56' title='bbox 785 1480 845 1522; x_wconf 89' lang='lat' dir='ltr'>nec</span> <span class='ocrx_word' id='word_1_57' title='bbox 875 1481 942 1523; x_wconf 93' lang='lat' dir='ltr'>non</span> <span class='ocrx_word' id='word_1_58' title='bbox 968 1482 987 1523; x_wconf 90' lang='lat' dir='ltr'>a</span> <span class='ocrx_word' id='word_1_59' title='bbox 1013 1461 1153 1543; x_wconf 82' lang='lat' dir='ltr'>ligancia</span> <span class='ocrx_word' id='word_1_60' title='bbox 1185 1469 1218 1525; x_wconf 91' lang='lat' dir='ltr'>et</span> <span class='ocrx_word' id='word_1_61' title='bbox 1282 1535 1285 1544; x_wconf 29' lang='lat'><em>¹</em></span> 
     </span>
     <span class='ocr_line' id='line_1_10' title="bbox 257 1560 1217 1647; baseline 0.007 -26"><span class='ocrx_word' id='word_1_62' title='bbox 257 1560 443 1642; x_wconf 84' lang='lat' dir='ltr'>juramento</span> <span class='ocrx_word' id='word_1_63' title='bbox 466 1561 495 1622; x_wconf 92' lang='lat' dir='ltr'>ei</span> <span class='ocrx_word' id='word_1_64' title='bbox 519 1561 669 1642; x_wconf 89' lang='lat' dir='ltr'>praestitis</span> <span class='ocrx_word' id='word_1_65' title='bbox 694 1560 887 1640; x_wconf 83' lang='lat' dir='ltr'>absolvente,</span> <span class='ocrx_word' id='word_1_66' title='bbox 910 1562 1042 1647; x_wconf 84' lang='lat' dir='ltr'>insuper</span> <span class='ocrx_word' id='word_1_67' title='bbox 1065 1563 1217 1628; x_wconf 89' lang='lat' dir='ltr'>interdic-</span> 
     </span>
     <span class='ocr_line' id='line_1_11' title="bbox 259 1663 1217 1745; baseline 0.005 -20"><span class='ocrx_word' id='word_1_68' title='bbox 259 1668 331 1725; x_wconf 91' lang='lat' dir='ltr'>tum</span> <span class='ocrx_word' id='word_1_69' title='bbox 357 1684 413 1745; x_wconf 92' lang='lat' dir='ltr'>per</span> <span class='ocrx_word' id='word_1_70' title='bbox 435 1664 586 1726; x_wconf 85' lang='lat' dir='ltr'>Walliam</span> <span class='ocrx_word' id='word_1_71' title='bbox 613 1685 651 1726; x_wconf 91' lang='lat' dir='ltr'>ea</span> <span class='ocrx_word' id='word_1_72' title='bbox 673 1663 856 1728; x_wconf 88' lang='lat' dir='ltr'>conditione</span> <span class='ocrx_word' id='word_1_73' title='bbox 879 1666 1054 1744; x_wconf 83' lang='lat' dir='ltr'>relaxante,</span> <span class='ocrx_word' id='word_1_74' title='bbox 1078 1668 1217 1731; x_wconf 87' lang='lat' dir='ltr'>eundem</span> 
     </span>
     <span class='ocr_line' id='line_1_12' title="bbox 260 1765 1218 1848; baseline 0.008 -21"><span class='ocrx_word' id='word_1_75' title='bbox 260 1785 369 1847; x_wconf 83' lang='lat' dir='ltr'>regem</span> <span class='ocrx_word' id='word_1_76' title='bbox 393 1765 566 1829; x_wconf 85' lang='lat' dir='ltr'>infestant:</span> <span class='ocrx_word' id='word_1_77' title='bbox 589 1766 676 1830; x_wconf 89' lang='lat' dir='ltr'>unde</span> <span class='ocrx_word' id='word_1_78' title='bbox 700 1765 909 1830; x_wconf 89' lang='lat' dir='ltr'>vehementer</span> <span class='ocrx_word' id='word_1_79' title='bbox 934 1778 1123 1848; x_wconf 90' lang='lat' dir='ltr'>commotus,</span> <span class='ocrx_word' id='word_1_80' title='bbox 1150 1793 1218 1834; x_wconf 91' lang='lat' dir='ltr'>sus-</span> 
     </span>
     <span class='ocr_line' id='line_1_13' title="bbox 260 1867 1216 1956; baseline 0.004 -24"><span class='ocrx_word' id='word_1_81' title='bbox 260 1867 367 1951; x_wconf 89' lang='lat' dir='ltr'>pensis</span> <span class='ocrx_word' id='word_1_82' title='bbox 378 1868 552 1947; x_wconf 90' lang='lat' dir='ltr'>obsidibus,</span> <span class='ocrx_word' id='word_1_83' title='bbox 563 1871 738 1933; x_wconf 83' lang='lat' dir='ltr'>exercitum</span> <span class='ocrx_word' id='word_1_84' title='bbox 750 1892 906 1950; x_wconf 85' lang='lat' dir='ltr'>magnum</span> <span class='ocrx_word' id='word_1_85' title='bbox 918 1879 1030 1935; x_wconf 90' lang='lat' dir='ltr'>contra</span> <span class='ocrx_word' id='word_1_86' title='bbox 1041 1893 1094 1935; x_wconf 91' lang='lat' dir='ltr'>eos</span> <span class='ocrx_word' id='word_1_87' title='bbox 1105 1880 1216 1956; x_wconf 80' lang='lat' dir='ltr'>parat3</span> 
     </span>
     <span class='ocr_line' id='line_1_14' title="bbox 261 1972 1219 2056; baseline 0.006 -22"><span class='ocrx_word' id='word_1_88' title='bbox 261 1972 319 2034; x_wconf 89' lang='lat' dir='ltr'>sed</span> <span class='ocrx_word' id='word_1_89' title='bbox 328 1972 459 2054; x_wconf 86' lang='lat' dir='ltr'>vulgato</span> <span class='ocrx_word' id='word_1_90' title='bbox 471 1973 625 2055; x_wconf 90' lang='lat' dir='ltr'>quosdam</span> <span class='ocrx_word' id='word_1_91' title='bbox 636 1979 827 2056; x_wconf 82' lang='lat' dir='ltr'>magnatum</span> <span class='ocrx_word' id='word_1_92' title='bbox 837 1975 975 2056; x_wconf 85' lang='lat' dir='ltr'>Angliae,</span> <span class='ocrx_word' id='word_1_93' title='bbox 984 1975 1084 2038; x_wconf 90' lang='lat' dir='ltr'>literis</span> <span class='ocrx_word' id='word_1_94' title='bbox 1096 1976 1219 2040; x_wconf 92' lang='lat' dir='ltr'>domini</span> 
     </span>
     <span class='ocr_line' id='line_1_15' title="bbox 260 2075 1218 2160; baseline 0.006 -23"><span class='ocrx_word' id='word_1_95' title='bbox 260 2096 352 2158; x_wconf 89' lang='lat' dir='ltr'>papae</span> <span class='ocrx_word' id='word_1_96' title='bbox 367 2075 595 2153; x_wconf 89' lang='lat' dir='ltr'>annuentibus,</span> <span class='ocrx_word' id='word_1_97' title='bbox 612 2082 725 2139; x_wconf 91' lang='lat' dir='ltr'>contra</span> <span class='ocrx_word' id='word_1_98' title='bbox 740 2097 814 2140; x_wconf 92' lang='lat' dir='ltr'>eum</span> <span class='ocrx_word' id='word_1_99' title='bbox 830 2078 1036 2160; x_wconf 86' lang='lat' dir='ltr'>conspirasse,</span> <span class='ocrx_word' id='word_1_100' title='bbox 1053 2099 1164 2142; x_wconf 90' lang='lat' dir='ltr'>omnes</span> <span class='ocrx_word' id='word_1_101' title='bbox 1182 2079 1218 2143; x_wconf 91' lang='lat' dir='ltr'>in</span> 
     </span>
     <span class='ocr_line' id='line_1_16' title="bbox 261 2178 1214 2266; baseline 0.005 -26"><span class='ocrx_word' id='word_1_102' title='bbox 261 2200 319 2241; x_wconf 91' lang='lat' dir='ltr'>sua</span> <span class='ocrx_word' id='word_1_103' title='bbox 327 2178 535 2242; x_wconf 90' lang='lat' dir='ltr'>tabernacula</span> <span class='ocrx_word' id='word_1_104' title='bbox 542 2186 758 2243; x_wconf 90' lang='lat' dir='ltr'>revertuntur.</span> <span class='ocrx_word' id='word_1_105' title='bbox 786 2179 882 2262; x_wconf 86' lang='lat' dir='ltr'>Capti</span> <span class='ocrx_word' id='word_1_106' title='bbox 894 2188 970 2244; x_wconf 88' lang='lat' dir='ltr'>sunt</span> <span class='ocrx_word' id='word_1_107' title='bbox 982 2183 1132 2245; x_wconf 87' lang='lat' dir='ltr'>nonnulli</span> <span class='ocrx_word' id='word_1_108' title='bbox 1145 2183 1214 2266; x_wconf 90' lang='lat' dir='ltr'>ejus</span> 
     </span>
     <span class='ocr_line' id='line_1_17' title="bbox 261 2280 1218 2368; baseline 0.004 -24"><span class='ocrx_word' id='word_1_109' title='bbox 261 2280 500 2344; x_wconf 87' lang='lat' dir='ltr'>familiarissimi</span> <span class='ocrx_word' id='word_1_110' title='bbox 514 2282 580 2345; x_wconf 89' lang='lat' dir='ltr'>sola</span> <span class='ocrx_word' id='word_1_111' title='bbox 599 2282 787 2365; x_wconf 88' lang='lat' dir='ltr'>suspicione.</span> <span class='ocrx_word' id='word_1_112' title='bbox 836 2281 1015 2346; x_wconf 88' lang='lat' dir='ltr'>Castellum</span> <span class='ocrx_word' id='word_1_113' title='bbox 1031 2285 1218 2368; x_wconf 82' lang='lat' dir='ltr'>Banguardi</span> 
     </span>
     <span class='ocr_line' id='line_1_18' title="bbox 262 2383 1218 2469; baseline 0.003 -22"><span class='ocrx_word' id='word_1_114' title='bbox 262 2384 395 2448; x_wconf 89' lang='lat' dir='ltr'>evertit:</span> <span class='ocrx_word' id='word_1_115' title='bbox 419 2384 522 2446; x_wconf 91' lang='lat' dir='ltr'>mittit</span> <span class='ocrx_word' id='word_1_116' title='bbox 545 2384 644 2447; x_wconf 89' lang='lat' dir='ltr'>etiam</span> <span class='ocrx_word' id='word_1_117' title='bbox 666 2383 811 2461; x_wconf 89' lang='lat' dir='ltr'>nuncios,</span> <span class='ocrx_word' id='word_1_118' title='bbox 833 2383 889 2466; x_wconf 92' lang='lat' dir='ltr'>qui</span> <span class='ocrx_word' id='word_1_119' title='bbox 913 2383 1080 2448; x_wconf 90' lang='lat' dir='ltr'>dominum</span> <span class='ocrx_word' id='word_1_120' title='bbox 1101 2408 1218 2469; x_wconf 91' lang='lat' dir='ltr'>papam</span> 
     </span>
     <span class='ocr_line' id='line_1_19' title="bbox 263 2485 1221 2573; baseline 0.001 -22"><span class='ocrx_word' id='word_1_121' title='bbox 263 2489 447 2571; x_wconf 88' lang='lat' dir='ltr'>placarent;</span> <span class='ocrx_word' id='word_1_122' title='bbox 469 2485 539 2571; x_wconf 89' lang='lat' dir='ltr'>ipse</span> <span class='ocrx_word' id='word_1_123' title='bbox 563 2508 733 2569; x_wconf 88' lang='lat' dir='ltr'>nusquam,</span> <span class='ocrx_word' id='word_1_124' title='bbox 751 2486 815 2549; x_wconf 90' lang='lat' dir='ltr'>nisi</span> <span class='ocrx_word' id='word_1_125' title='bbox 834 2494 936 2549; x_wconf 86' lang='lat' dir='ltr'>&#39;manu</span> <span class='ocrx_word' id='word_1_126' title='bbox 955 2495 1089 2566; x_wconf 90' lang='lat' dir='ltr'>armata,</span> <span class='ocrx_word' id='word_1_127' title='bbox 1112 2510 1221 2573; x_wconf 86' lang='lat' dir='ltr'>proee-</span> 
     </span>
     <span class='ocr_line' id='line_1_20' title="bbox 262 2589 1217 2675; baseline 0.003 -22"><span class='ocrx_word' id='word_1_128' title='bbox 262 2591 351 2653; x_wconf 90' lang='lat' dir='ltr'>dens.</span> <span class='ocrx_word' id='word_1_129' title='bbox 412 2592 529 2654; x_wconf 89' lang='lat' dir='ltr'>Petrus</span> <span class='ocrx_word' id='word_1_130' title='bbox 559 2590 599 2654; x_wconf 90' lang='lat' dir='ltr'>de</span> <span class='ocrx_word' id='word_1_131' title='bbox 628 2589 809 2666; x_wconf 91' lang='lat' dir='ltr'>Wakefeld,</span> <span class='ocrx_word' id='word_1_132' title='bbox 844 2589 934 2672; x_wconf 90' lang='lat' dir='ltr'>[cum</span> <span class='ocrx_word' id='word_1_133' title='bbox 963 2590 1044 2674; x_wconf 87' lang='lat' dir='ltr'>filio]</span> <span class='ocrx_word' id='word_1_134' title='bbox 1082 2592 1217 2675; x_wconf 89' lang='lat' dir='ltr'>pseudo·</span> 
     </span>
     <span class='ocr_line' id='line_1_21' title="bbox 262 2692 814 2777; baseline -0.004 -21"><span class='ocrx_word' id='word_1_135' title='bbox 262 2692 429 2777; x_wconf 90' lang='lat' dir='ltr'>propheta,</span> <span class='ocrx_word' id='word_1_136' title='bbox 445 2693 563 2757; x_wconf 89' lang='lat' dir='ltr'>carceri</span> <span class='ocrx_word' id='word_1_137' title='bbox 578 2692 814 2775; x_wconf 88' lang='lat' dir='ltr'>mancipantur.</span> 
     </span>
    </p>

    <p class='ocr_par' dir='ltr' id='par_1_5' title="bbox 261 2794 1218 3704">
     <span class='ocr_line' id='line_1_22' title="bbox 304 2794 1218 2878; baseline 0.002 -18"><span class='ocrx_word' id='word_1_138' title='bbox 304 2797 389 2860; x_wconf 89' lang='lat' dir='ltr'><strong>A.D.</strong></span> <span class='ocrx_word' id='word_1_139' title='bbox 408 2799 502 2861; x_wconf 77' lang='lat'>1213.</span> <span class='ocrx_word' id='word_1_140' title='bbox 537 2794 687 2878; x_wconf 86' lang='lat' dir='ltr'>Episcopi</span> <span class='ocrx_word' id='word_1_141' title='bbox 700 2795 829 2876; x_wconf 87' lang='lat' dir='ltr'>Angliae</span> <span class='ocrx_word' id='word_1_142' title='bbox 842 2801 933 2859; x_wconf 89' lang='lat' dir='ltr'>trans</span> <span class='ocrx_word' id='word_1_143' title='bbox 948 2818 1036 2862; x_wconf 89' lang='lat' dir='ltr'>mare</span> <span class='ocrx_word' id='word_1_144' title='bbox 1052 2799 1218 2862; x_wconf 86' lang='lat' dir='ltr'>exulantes</span> 
     </span>
     <span class='ocr_line' id='line_1_23' title="bbox 261 2897 1218 2986; baseline -0.002 -20"><span class='ocrx_word' id='word_1_145' title='bbox 261 2923 380 2986; x_wconf 89' lang='lat' dir='ltr'>papam</span> <span class='ocrx_word' id='word_1_146' title='bbox 404 2900 535 2978; x_wconf 88' lang='lat' dir='ltr'>adeunt,</span> <span class='ocrx_word' id='word_1_147' title='bbox 560 2899 599 2963; x_wconf 93' lang='lat' dir='ltr'>de</span> <span class='ocrx_word' id='word_1_148' title='bbox 625 2898 752 2982; x_wconf 84' lang='lat' dir='ltr'>injuriis</span> <span class='ocrx_word' id='word_1_149' title='bbox 782 2897 843 2961; x_wconf 80' lang='lat' dir='ltr'>ribi</span> <span class='ocrx_word' id='word_1_150' title='bbox 872 2900 1093 2983; x_wconf 89' lang='lat' dir='ltr'>multipliciter</span> <span class='ocrx_word' id='word_1_151' title='bbox 1121 2901 1218 2964; x_wconf 90' lang='lat' dir='ltr'>illatis</span> 
     </span>
     <span class='ocr_line' id='line_1_24' title="bbox 263 3000 1218 3088; baseline -0.002 -18"><span class='ocrx_word' id='word_1_152' title='bbox 263 3010 515 3088; x_wconf 88' lang='lat' dir='ltr'>conquerentes;</span> <span class='ocrx_word' id='word_1_153' title='bbox 538 3001 625 3066; x_wconf 91' lang='lat' dir='ltr'>unde</span> <span class='ocrx_word' id='word_1_154' title='bbox 650 3023 734 3085; x_wconf 88' lang='lat' dir='ltr'>papa</span> <span class='ocrx_word' id='word_1_155' title='bbox 756 3000 905 3085; x_wconf 92' lang='lat' dir='ltr'>Philippo</span> <span class='ocrx_word' id='word_1_156' title='bbox 928 3003 998 3084; x_wconf 85' lang='lat' dir='ltr'>regi</span> <span class='ocrx_word' id='word_1_157' title='bbox 1019 3004 1162 3068; x_wconf 79' lang='lat' dir='ltr'>Franciae</span> <span class='ocrx_word' id='word_1_158' title='bbox 1184 3012 1218 3068; x_wconf 90' lang='lat' dir='ltr'>et</span> 
     </span>
     <span class='ocr_line' id='line_1_25' title="bbox 263 3104 1218 3189; baseline -0.002 -18"><span class='ocrx_word' id='word_1_159' title='bbox 263 3108 385 3172; x_wconf 88' lang='lat' dir='ltr'>caeteris</span> <span class='ocrx_word' id='word_1_160' title='bbox 415 3104 613 3189; x_wconf 90' lang='lat' dir='ltr'>principibus</span> <span class='ocrx_word' id='word_1_161' title='bbox 642 3104 867 3168; x_wconf 86' lang='lat' dir='ltr'>transmarinis</span> <span class='ocrx_word' id='word_1_162' title='bbox 897 3104 1017 3182; x_wconf 87' lang='lat' dir='ltr'>scribit,</span> <span class='ocrx_word' id='word_1_163' title='bbox 1044 3105 1129 3188; x_wconf 90' lang='lat' dir='ltr'>quod</span> <span class='ocrx_word' id='word_1_164' title='bbox 1155 3106 1218 3169; x_wconf 91' lang='lat' dir='ltr'>nisi</span> 
     </span>
     <span class='ocr_line' id='line_1_26' title="bbox 261 3207 1215 3290; baseline -0.001 -17"><span class='ocrx_word' id='word_1_165' title='bbox 261 3232 319 3274; x_wconf 83' lang='lat' dir='ltr'>rex</span> <span class='ocrx_word' id='word_1_166' title='bbox 334 3210 355 3272; x_wconf 86' lang='lat' dir='ltr'><strong>J</strong></span> <span class='ocrx_word' id='word_1_167' title='bbox 356 3209 499 3274; x_wconf 90' lang='lat' dir='ltr'>ohannes</span> <span class='ocrx_word' id='word_1_168' title='bbox 514 3207 724 3290; x_wconf 88' lang='lat' dir='ltr'>resipisceret,</span> <span class='ocrx_word' id='word_1_169' title='bbox 740 3207 802 3290; x_wconf 93' lang='lat' dir='ltr'>ipsi</span> <span class='ocrx_word' id='word_1_170' title='bbox 817 3207 1086 3270; x_wconf 87' lang='lat' dir='ltr'>inremissionem</span> <span class='ocrx_word' id='word_1_171' title='bbox 1106 3229 1215 3290; x_wconf 88' lang='lat' dir='ltr'>peeca-</span> 
     </span>
     <span class='ocr_line' id='line_1_27' title="bbox 261 3310 1215 3393; baseline -0.003 -16"><span class='ocrx_word' id='word_1_172' title='bbox 261 3321 369 3377; x_wconf 85' lang='lat' dir='ltr'>torum</span> <span class='ocrx_word' id='word_1_173' title='bbox 387 3318 508 3376; x_wconf 90' lang='lat' dir='ltr'>terram</span> <span class='ocrx_word' id='word_1_174' title='bbox 523 3310 562 3373; x_wconf 94' lang='lat' dir='ltr'>de</span> <span class='ocrx_word' id='word_1_175' title='bbox 577 3316 718 3393; x_wconf 87' lang='lat' dir='ltr'>tyranno</span> <span class='ocrx_word' id='word_1_176' title='bbox 738 3310 922 3373; x_wconf 90' lang='lat' dir='ltr'>liberarent.</span> <span class='ocrx_word' id='word_1_177' title='bbox 968 3310 1037 3392; x_wconf 92' lang='lat' dir='ltr'>Ipsi</span> <span class='ocrx_word' id='word_1_178' title='bbox 1051 3327 1119 3374; x_wconf 95' lang='lat' dir='ltr'>rem</span> <span class='ocrx_word' id='word_1_179' title='bbox 1134 3311 1215 3374; x_wconf 87' lang='lat' dir='ltr'>votis</span> 
     </span>
     <span class='ocr_line' id='line_1_28' title="bbox 261 3412 1214 3497; baseline -0.004 -17"><span class='ocrx_word' id='word_1_180' title='bbox 261 3416 350 3479; x_wconf 91' lang='lat' dir='ltr'>mille</span> <span class='ocrx_word' id='word_1_181' title='bbox 368 3414 504 3497; x_wconf 90' lang='lat' dir='ltr'>petitam</span> <span class='ocrx_word' id='word_1_182' title='bbox 524 3412 701 3490; x_wconf 90' lang='lat' dir='ltr'>audientes,</span> <span class='ocrx_word' id='word_1_183' title='bbox 718 3412 850 3476; x_wconf 90' lang='lat' dir='ltr'>classem</span> <span class='ocrx_word' id='word_1_184' title='bbox 871 3418 904 3474; x_wconf 89' lang='lat' dir='ltr'>et</span> <span class='ocrx_word' id='word_1_185' title='bbox 926 3412 1074 3475; x_wconf 85' lang='lat' dir='ltr'>victualia</span> <span class='ocrx_word' id='word_1_186' title='bbox 1088 3420 1214 3495; x_wconf 88' lang='lat' dir='ltr'>parant.</span> 
     </span>
     <span class='ocr_line' id='line_1_29' title="bbox 262 3514 1215 3598; baseline -0.003 -16"><span class='ocrx_word' id='word_1_187' title='bbox 262 3520 290 3581; x_wconf 82' lang='lat' dir='ltr'><strong>E</strong></span> <span class='ocrx_word' id='word_1_188' title='bbox 305 3524 427 3595; x_wconf 88' lang='lat' dir='ltr'>contra,</span> <span class='ocrx_word' id='word_1_189' title='bbox 445 3517 466 3579; x_wconf 88' lang='lat' dir='ltr'><strong>J</strong></span> <span class='ocrx_word' id='word_1_190' title='bbox 468 3516 611 3580; x_wconf 88' lang='lat' dir='ltr'>ohannes</span> <span class='ocrx_word' id='word_1_191' title='bbox 626 3537 682 3579; x_wconf 85' lang='lat' dir='ltr'>rex</span> <span class='ocrx_word' id='word_1_192' title='bbox 698 3515 737 3578; x_wconf 91' lang='lat' dir='ltr'>de</span> <span class='ocrx_word' id='word_1_193' title='bbox 753 3515 902 3579; x_wconf 92' lang='lat' dir='ltr'>omnibus</span> <span class='ocrx_word' id='word_1_194' title='bbox 917 3514 1062 3598; x_wconf 90' lang='lat' dir='ltr'>portibus</span> <span class='ocrx_word' id='word_1_195' title='bbox 1077 3516 1215 3597; x_wconf 84' lang='lat' dir='ltr'>Angliae,</span> 
     </span>
     <span class='ocr_line' id='line_1_30' title="bbox 262 3613 1216 3704; baseline -0.004 -18"><span class='ocrx_word' id='word_1_196' title='bbox 262 3621 303 3686; x_wconf 85' lang='lat' dir='ltr'>ad</span> <span class='ocrx_word' id='word_1_197' title='bbox 326 3627 433 3704; x_wconf 90' lang='lat' dir='ltr'>partes</span> <span class='ocrx_word' id='word_1_198' title='bbox 456 3620 610 3683; x_wconf 87' lang='lat' dir='ltr'>australes</span> <span class='ocrx_word' id='word_1_199' title='bbox 631 3619 668 3681; x_wconf 92' lang='lat' dir='ltr'>in</span> <span class='ocrx_word' id='word_1_200' title='bbox 690 3613 837 3682; x_wconf 85' lang='lat' dir='ltr'>anchoris</span> <span class='ocrx_word' id='word_1_201' title='bbox 858 3639 954 3681; x_wconf 90' lang='lat' dir='ltr'>naves</span> <span class='ocrx_word' id='word_1_202' title='bbox 977 3639 1050 3681; x_wconf 91' lang='lat' dir='ltr'>cum</span> <span class='ocrx_word' id='word_1_203' title='bbox 1074 3619 1216 3683; x_wconf 85' lang='lat' dir='ltr'>exercitu</span> 
     </span>
    </p>
   </div>
   <div class='ocr_carea' id='block_1_4' title="bbox 136 3713 1255 4320">
    <p class='ocr_par' dir='ltr' id='par_1_6' title="bbox 136 3713 1255 4320">
     <span class='ocr_line' id='line_1_31' title="bbox 261 3713 1214 3803; baseline -0.002 -15"><span class='ocrx_word' id='word_1_204' title='bbox 261 3723 431 3788; x_wconf 86' lang='lat' dir='ltr'>coadunat.</span> <span class='ocrx_word' id='word_1_205' title='bbox 470 3721 615 3786; x_wconf 81' lang='lat' dir='ltr'>Tandem</span> <span class='ocrx_word' id='word_1_206' title='bbox 630 3742 705 3785; x_wconf 90' lang='lat' dir='ltr'>eum</span> <span class='ocrx_word' id='word_1_207' title='bbox 719 3713 847 3784; x_wconf 89' lang='lat' dir='ltr'>nunciis</span> <span class='ocrx_word' id='word_1_208' title='bbox 862 3721 946 3803; x_wconf 88' lang='lat' dir='ltr'>regis</span> <span class='ocrx_word' id='word_1_209' title='bbox 961 3721 1100 3785; x_wconf 90' lang='lat' dir='ltr'>nuncius</span> <span class='ocrx_word' id='word_1_210' title='bbox 1115 3721 1214 3786; x_wconf 90' lang='lat' dir='ltr'>etiam</span> 
     </span>
     <span class='ocr_line' id='line_1_32' title="bbox 261 3823 1214 3910; baseline -0.003 -19"><span class='ocrx_word' id='word_1_211' title='bbox 261 3827 384 3891; x_wconf 93' lang='lat' dir='ltr'>domiui</span> <span class='ocrx_word' id='word_1_212' title='bbox 401 3848 502 3910; x_wconf 88' lang='lat' dir='ltr'>papae,</span> <span class='ocrx_word' id='word_1_213' title='bbox 522 3824 702 3889; x_wconf 86' lang='lat' dir='ltr'>Pandulfus</span> <span class='ocrx_word' id='word_1_214' title='bbox 723 3824 863 3901; x_wconf 90' lang='lat' dir='ltr'>nomine,</span> <span class='ocrx_word' id='word_1_215' title='bbox 880 3824 968 3887; x_wconf 90' lang='lat' dir='ltr'>venit</span> <span class='ocrx_word' id='word_1_216' title='bbox 979 3850 988 3900; x_wconf 80' lang='lat'><em>3</em></span> <span class='ocrx_word' id='word_1_217' title='bbox 1013 3823 1158 3888; x_wconf 89' lang='lat' dir='ltr'>deferens</span> <span class='ocrx_word' id='word_1_218' title='bbox 1179 3826 1214 3889; x_wconf 91' lang='lat' dir='ltr'>in</span> 
     </span>
     <span class='ocr_line' id='line_1_33' title="bbox 262 3926 1213 4012; baseline -0.001 -20"><span class='ocrx_word' id='word_1_219' title='bbox 262 3929 432 4006; x_wconf 88' lang='lat' dir='ltr'>mandatis,</span> <span class='ocrx_word' id='word_1_220' title='bbox 464 3929 549 4012; x_wconf 90' lang='lat' dir='ltr'>quod</span> <span class='ocrx_word' id='word_1_221' title='bbox 579 3929 606 3992; x_wconf 90' lang='lat' dir='ltr'>si</span> <span class='ocrx_word' id='word_1_222' title='bbox 632 3927 753 4012; x_wconf 90' lang='lat' dir='ltr'>judicio</span> <span class='ocrx_word' id='word_1_223' title='bbox 783 3927 925 3990; x_wconf 85' lang='lat' dir='ltr'>ecclesiae</span> <span class='ocrx_word' id='word_1_224' title='bbox 955 3926 1084 3991; x_wconf 87' lang='lat' dir='ltr'>obedire</span> <span class='ocrx_word' id='word_1_225' title='bbox 1107 3929 1213 4007; x_wconf 90' lang='lat' dir='ltr'>vellet,</span> 
     </span>
     <span class='ocr_line' id='line_1_34' title="bbox 262 4030 1255 4120; baseline -0.002 -24"><span class='ocrx_word' id='word_1_226' title='bbox 262 4041 400 4116; x_wconf 89' lang='lat' dir='ltr'>quatuor</span> <span class='ocrx_word' id='word_1_227' title='bbox 421 4032 462 4096; x_wconf 90' lang='lat' dir='ltr'>de</span> <span class='ocrx_word' id='word_1_228' title='bbox 483 4033 595 4115; x_wconf 90' lang='lat' dir='ltr'>primis</span> <span class='ocrx_word' id='word_1_229' title='bbox 617 4036 709 4120; x_wconf 79' lang='lat' dir='ltr'>regni</span> <span class='ocrx_word' id='word_1_230' title='bbox 730 4031 765 4094; x_wconf 94' lang='lat' dir='ltr'>in</span> <span class='ocrx_word' id='word_1_231' title='bbox 788 4030 937 4094; x_wconf 88' lang='lat' dir='ltr'>animam</span> <span class='ocrx_word' id='word_1_232' title='bbox 950 4031 1035 4112; x_wconf 85' lang='lat' dir='ltr'>regis</span> <span class='ocrx_word' id='word_1_233' title='bbox 1053 4032 1212 4114; x_wconf 88' lang='lat' dir='ltr'>jurarent,</span> <span class='ocrx_word' id='word_1_234' title='bbox 1252 4057 1255 4062; x_wconf 92' lang='lat'>·</span> 
     </span>
     <span class='ocr_line' id='line_1_35' title="bbox 259 4132 1220 4216; baseline 0 -19"><span class='ocrx_word' id='word_1_235' title='bbox 259 4135 398 4198; x_wconf 88' lang='lat' dir='ltr'>formam</span> <span class='ocrx_word' id='word_1_236' title='bbox 413 4134 648 4210; x_wconf 81' lang='lat' dir='ltr'>satisfactionis,</span> <span class='ocrx_word' id='word_1_237' title='bbox 661 4155 733 4216; x_wconf 90' lang='lat' dir='ltr'>qnae</span> <span class='ocrx_word' id='word_1_238' title='bbox 748 4132 942 4214; x_wconf 82' lang='lat' dir='ltr'>assignanda</span> <span class='ocrx_word' id='word_1_239' title='bbox 956 4139 1048 4210; x_wconf 93' lang='lat' dir='ltr'>esset,</span> <span class='ocrx_word' id='word_1_240' title='bbox 1061 4154 1095 4196; x_wconf 91' lang='lat' dir='ltr'>se</span> <span class='ocrx_word' id='word_1_241' title='bbox 1111 4133 1220 4197; x_wconf 88' lang='lat' dir='ltr'>adim-·</span> 
     </span>
     <span class='ocr_line' id='line_1_36' title="bbox 136 4234 1210 4320; baseline -0.002 -20"><span class='ocrx_word' id='word_1_242' title='bbox 136 4277 139 4283; x_wconf 90' lang='lat'>·</span> <span class='ocrx_word' id='word_1_243' title='bbox 258 4237 433 4320; x_wconf 86' lang='lat' dir='ltr'>pletumm.</span> <span class='ocrx_word' id='word_1_244' title='bbox 479 4236 675 4300; x_wconf 87' lang='lat' dir='ltr'>Juraverunt</span> <span class='ocrx_word' id='word_1_245' title='bbox 690 4255 774 4317; x_wconf 85' lang='lat' dir='ltr'>ergo,</span> <span class='ocrx_word' id='word_1_246' title='bbox 790 4256 896 4299; x_wconf 88' lang='lat' dir='ltr'>comes</span> <span class='ocrx_word' id='word_1_247' title='bbox 916 4234 1068 4314; x_wconf 84' lang='lat' dir='ltr'>Boloniae,</span> <span class='ocrx_word' id='word_1_248' title='bbox 1085 4235 1210 4298; x_wconf 92' lang='lat' dir='ltr'>Willel-</span> 
     </span>
    </p>
   </div>
   <div class='ocr_carea' id='block_1_5' title="bbox 0 0 1616 5104">
    <p class='ocr_par' dir='ltr' id='par_1_7' title="bbox 0 0 1616 5104">
     <span class='ocr_line' id='line_1_37' title="bbox 0 0 1616 5104; baseline 0 0"><span class='ocrx_word' id='word_1_249' title='bbox 0 0 1616 5104; x_wconf 95' lang='lat' dir='ltr'> </span> 
     </span>
    </p>
   </div>
  </div>
 </body>
</html>
