3226 5100
381 613 423 674 52
683 617 882 672 cuaourcou
900 628 1034 671 ancara

380 744 501 809 niensis
515 766 604 812 mare
618 745 787 824 transiens,
803 767 860 828 per
877 744 1080 828 Hungariam
1096 745 1332 830 lerosolymam

379 847 541 932 profectus
564 853 621 911 est.
668 847 757 911 Obiit
780 846 963 931 Stephanus
985 869 1086 931 papa;
1110 847 1162 910 cui
1181 847 1332 912 successit

381 953 585 1032 Benedictus,
617 953 672 1035 qui
701 953 840 1036 seipsum
869 953 1019 1017 intrusit:
1061 953 1131 1030 iste,
1163 959 1332 1034 corruptus

380 1054 526 1138 pecunia,
537 1054 671 1137 pallium
688 1053 845 1137 Stigando
857 1053 1083 1118 cantuariensi
1095 1054 1332 1138 archiepiscopo

381 1157 569 1221 transmisit.

425 1261 508 1324 AD.
528 1262 621 1324 1059,
667 1260 862 1325 Benedictus
884 1282 976 1344 papa,
1001 1260 1041 1323 ab
1065 1261 1208 1325 Hemico
1231 1261 1333 1344 impe-

380 1369 496 1441 ratore,
506 1371 539 1427 et
551 1363 618 1427 zelo
629 1363 774 1427 fidelium
788 1370 989 1446 procurante,
1004 1363 1043 1428 de
1054 1370 1175 1447 papatu
1186 1363 1313 1448 ejicitur
1321 1391 1331 1442 3

381 1473 414 1530 et
432 1466 596 1550 episcopus
615 1467 821 1530 Florentinus
844 1467 997 1531 canonice
1016 1467 1137 1531 electus
1159 1474 1217 1546 est,
1233 1467 1332 1530 Nico-

380 1572 451 1635 laus
479 1591 563 1654 papa
588 1569 626 1632 II
650 1569 796 1633 efficitur.
842 1569 966 1633 Eodem
996 1591 1081 1633 anno
1107 1569 1332 1634 Wulfketulus

381 1673 480 1738 abbas
495 1672 709 1756 Croylondiae,
725 1671 902 1755 instigante
924 1672 1046 1755 inclyto
1067 1673 1184 1736 comite
1199 1673 1332 1755 Algam,

382 1776 423 1840 ad
437 1775 699 1859 hospitalitatem,
714 1777 803 1839 more
819 1775 1045 1855 monasteriali,
1062 1775 1096 1838 in
1112 1776 1192 1838 cella
1213 1797 1272 1838 sua
1294 1776 1334 1839 de

384 1879 549 1963 Spalding,
562 1878 808 1943 adventantibus
819 1879 939 1942 Christi
950 1877 1097 1941 fidelibus
1110 1877 1333 1958 exhibendam,

280 2009 282 2014 ¹
380 1981 522 2065 ligneam
548 1981 702 2064 capellam
732 2004 824 2046 suam
850 1981 995 2065 ejusdem
1021 1981 1113 2060 villae,
1138 2003 1212 2045 curn
1238 1982 1334 2046 certis

381 2084 537 2150 reditibus
552 2084 588 2148 in
604 2084 716 2148 eadem
730 2085 805 2149 villa
823 2085 959 2164 situatis,
976 2084 1064 2149 dedit
1079 2084 1245 2149 monachis
1267 2085 1334 2149 suis

384 2191 689 2274 Spaldingensibus;
712 2197 744 2256 ct
765 2191 870 2255 dictus
893 2211 998 2256 comes
1015 2191 1197 2274 portionem
1218 2212 1333 2256 eorun-

382 2294 505 2358 demin
520 2293 631 2357 multis
647 2293 819 2377 ampliavit.

424 2395 510 2459 An).
535 2396 629 2459 1060.
676 2396 839 2460 Henricus
861 2417 918 2460 rex
940 2397 1138 2460 Francorum
1159 2395 1257 2474 obiit;
1280 2396 1333 2459 cui

277 2505 278 2509 ’
383 2497 532 2563 successit
547 2496 714 2582 Philippus
729 2498 813 2562 filins
829 2499 907 2582 ejus.
954 2497 1045 2563 Obiit
1062 2497 1196 2561 Kinsius
1211 2497 1333 2561 Ebora-

381 2601 485 2665 censis
515 2601 779 2685 archiepiscopus,
810 2601 974 2685 quondam
1009 2600 1107 2665 abbas
1137 2600 1249 2683 Burgi,
1281 2600 1334 2663 cui

383 2703 535 2767 successit
561 2702 722 2767 Aldredus
744 2703 980 2786 Wigorniensis
1007 2703 1184 2786 episcopus.
1230 2701 1333 2766 Here·

382 2805 538 2869 fordensis
573 2807 763 2888 praesulatus
797 2806 892 2870 datus
927 2813 977 2870 est
1012 2807 1176 2890 capellano
1205 2806 1335 2871 Edithae

378 2907 512 2990 reginae.
559 2908 692 2972 Kinsius
708 2908 962 2993 archiepiscopus
979 2909 1064 2993 apud
1080 2910 1228 2991 Burgum
1243 2909 1334 2988 obiit,

381 3018 416 3076 et
427 3012 514 3095 jacet
528 3012 708 3075 tumulatus
723 3011 759 3074 in
774 3011 891 3076 scrinio
901 3013 998 3095 juxta
1011 3034 1167 3095 magnum
1182 3013 1283 3076 altare
1297 3012 1335 3075 in

382 3119 474 3197 parte
488 3113 618 3178 boreali.

425 3216 509 3280 AB.
528 3217 622 3280 1061.
668 3214 830 3281 Aldredus
852 3216 1019 3300 episcopus
1036 3216 1248 3281 Eboracensis
1269 3217 1334 3281 Ro·

384 3341 471 3383 mam
486 3340 560 3383 cum
576 3318 684 3383 Tostio
700 3319 817 3384 comite
832 3319 1004 3402 profectus,
1015 3319 1150 3404 pallium
1165 3341 1185 3382 a
1198 3319 1334 3383 Nicolao
1441 3321 1443 3326 ’

384 3445 467 3507 papa
493 3421 641 3506 suscepit.
698 3422 838 3486 Interim
863 3423 1057 3486 Malcolmus
1081 3443 1138 3486 rex
1165 3422 1335 3486 Scotorum

386 3525 437 3588 sui
456 3525 616 3609 conjurati
635 3524 743 3589 fratris
761 3523 862 3589 Tostii
880 3524 1078 3603 comitatum,
1095 3524 1152 3588 via.
1168 3524 1335 3588 Northan-

383 3628 576 3706 humbriam,
592 3627 740 3692 ferociter
761 3627 983 3712 depopulatur,
999 3628 1117 3692 violata
1138 3628 1236 3691 etiam
1258 3649 1336 3713 pace

386 3730 490 3793 sancti
505 3729 687 3794 Cuthberti.

427 3831 512 3894 A.D.
530 3832 624 3895 1062.
669 3827 870 3895 Venerabilis
885 3831 932 3894 vir
942 3832 1135 3895 Wulstanus
1150 3831 1253 3915 Burgi
1268 3853 1336 3895 mo-

305 3953 307 3956 ·
384 3935 507 4000 nachus
532 3935 728 4000 Wicciorum
757 3937 795 4000 fit
825 3935 1000 4020 episcopus.
1061 3935 1151 4000 Obiit
1181 3935 1336 4000 Nicolaus

384 4061 467 4124 papa
474 4065 484 4117 3
522 4038 574 4101 cui
604 4038 755 4103 successit
780 4039 963 4102 Alexander
985 4038 1033 4118 ΙΙ,
1059 4046 1155 4103 antea
1179 4039 1336 4102 Lucensis

384 4143 558 4226 episcopus,
583 4142 757 4206 Anselmus
781 4148 922 4221 vocatus,
949 4142 1095 4225 episcopo
1122 4141 1337 4205 Parisiensia

371 4252 505 4329 papatu
519 4245 697 4329 reprobato.
