<?xml version="1.0" encoding="UTF-8"?>
<!DOCTYPE html PUBLIC "-//W3C//DTD XHTML 1.0 Transitional//EN"
    "http://www.w3.org/TR/xhtml1/DTD/xhtml1-transitional.dtd">
<html xmlns="http://www.w3.org/1999/xhtml" xml:lang="en" lang="en">
 <head>
  <title>
</title>
<meta http-equiv="Content-Type" content="text/html;charset=utf-8" />
  <meta name='ocr-system' content='tesseract 3.04.00' />
  <meta name='ocr-capabilities' content='ocr_page ocr_carea ocr_par ocr_line ocrx_word'/>
</head>
<body>
  <div class='ocr_page' id='page_1' title='image "./chroniconanglia00chrogoog_0126.png"; bbox 0 0 3216 5104; ppageno 0'>
   <div class='ocr_carea' id='block_1_1' title="bbox 331 667 1034 728">
    <p class='ocr_par' dir='ltr' id='par_1_1' title="bbox 331 667 1034 728">
     <span class='ocr_line' id='line_1_1' title="bbox 331 667 1034 728; baseline -0.009 1"><span class='ocrx_word' id='word_1_1' title='bbox 331 689 334 696; x_wconf 91' lang='lat'>·</span> <span class='ocrx_word' id='word_1_2' title='bbox 383 667 446 728; x_wconf 81' lang='lat'><strong>104</strong></span> <span class='ocrx_word' id='word_1_3' title='bbox 682 682 881 726; x_wconf 79' lang='lat' dir='ltr'><strong>cnaorncon</strong></span> <span class='ocrx_word' id='word_1_4' title='bbox 898 680 1034 724; x_wconf 75' lang='lat' dir='ltr'><strong>ausura</strong></span> 
     </span>
    </p>
   </div>
   <div class='ocr_carea' id='block_1_2' title="bbox 381 798 1387 4372">
    <p class='ocr_par' dir='ltr' id='par_1_2' title="bbox 381 798 1333 1192">
     <span class='ocr_line' id='line_1_2' title="bbox 381 798 1333 880; baseline -0.007 -15"><span class='ocrx_word' id='word_1_5' title='bbox 381 801 417 865; x_wconf 92' lang='lat' dir='ltr'><strong>in</strong></span> <span class='ocrx_word' id='word_1_6' title='bbox 439 801 510 880; x_wconf 89' lang='lat' dir='ltr'><strong>hoc,</strong></span> <span class='ocrx_word' id='word_1_7' title='bbox 529 799 594 864; x_wconf 89' lang='lat' dir='ltr'><strong>sive</strong></span> <span class='ocrx_word' id='word_1_8' title='bbox 615 798 651 862; x_wconf 93' lang='lat' dir='ltr'><strong>in</strong></span> <span class='ocrx_word' id='word_1_9' title='bbox 671 799 738 863; x_wconf 86' lang='lat' dir='ltr'><strong>vita</strong></span> <span class='ocrx_word' id='word_1_10' title='bbox 760 799 824 862; x_wconf 87' lang='lat' dir='ltr'><strong>sive</strong></span> <span class='ocrx_word' id='word_1_11' title='bbox 845 799 882 862; x_wconf 93' lang='lat' dir='ltr'><strong>in</strong></span> <span class='ocrx_word' id='word_1_12' title='bbox 902 803 1016 876; x_wconf 88' lang='lat' dir='ltr'><strong>morte,</strong></span> <span class='ocrx_word' id='word_1_13' title='bbox 1039 816 1098 880; x_wconf 92' lang='lat' dir='ltr'><strong>pro</strong></span> <span class='ocrx_word' id='word_1_14' title='bbox 1120 816 1154 860; x_wconf 87' lang='lat' dir='ltr'><strong>se</strong></span> <span class='ocrx_word' id='word_1_15' title='bbox 1177 801 1210 859; x_wconf 93' lang='lat' dir='ltr'><strong>et</strong></span> <span class='ocrx_word' id='word_1_16' title='bbox 1231 815 1333 877; x_wconf 83' lang='lat' dir='ltr'><strong>regno</strong></span> 
     </span>
     <span class='ocr_line' id='line_1_3' title="bbox 382 898 1333 987; baseline -0.007 -20"><span class='ocrx_word' id='word_1_17' title='bbox 382 924 450 983; x_wconf 90' lang='lat' dir='ltr'><strong>suo,</strong></span> <span class='ocrx_word' id='word_1_18' title='bbox 465 903 561 967; x_wconf 91' lang='lat' dir='ltr'><strong>beato</strong></span> <span class='ocrx_word' id='word_1_19' title='bbox 575 901 711 987; x_wconf 83' lang='lat' dir='ltr'><strong>martyri</strong></span> <span class='ocrx_word' id='word_1_20' title='bbox 724 901 816 984; x_wconf 85' lang='lat' dir='ltr'><strong>quasi</strong></span> <span class='ocrx_word' id='word_1_21' title='bbox 835 922 982 964; x_wconf 91' lang='lat' dir='ltr'><strong>annuum</strong></span> <span class='ocrx_word' id='word_1_22' title='bbox 1002 898 1164 964; x_wconf 90' lang='lat' dir='ltr'><strong>tributum</strong></span> <span class='ocrx_word' id='word_1_23' title='bbox 1186 904 1333 962; x_wconf 88' lang='lat' dir='ltr'><strong>statuens</strong></span> 
     </span>
     <span class='ocr_line' id='line_1_4' title="bbox 381 1000 1333 1092; baseline -0.006 -23"><span class='ocrx_word' id='word_1_24' title='bbox 381 1005 636 1089; x_wconf 86' lang='lat' dir='ltr'><strong>persolvendum.</strong></span> <span class='ocrx_word' id='word_1_25' title='bbox 696 1003 816 1092; x_wconf 79' lang='lat' dir='ltr'><strong>Ciyitas</strong></span> <span class='ocrx_word' id='word_1_26' title='bbox 844 1001 1058 1067; x_wconf 83' lang='lat' dir='ltr'><strong>Eboracensis</strong></span> <span class='ocrx_word' id='word_1_27' title='bbox 1087 1000 1256 1066; x_wconf 88' lang='lat' dir='ltr'><strong>combusta</strong></span> <span class='ocrx_word' id='word_1_28' title='bbox 1284 1005 1333 1064; x_wconf 88' lang='lat' dir='ltr'><strong>est</strong></span> 
     </span>
     <span class='ocr_line' id='line_1_5' title="bbox 381 1108 1195 1192; baseline -0.012 -19"><span class='ocrx_word' id='word_1_29' title='bbox 381 1127 440 1192; x_wconf 89' lang='lat' dir='ltr'><strong>per</strong></span> <span class='ocrx_word' id='word_1_30' title='bbox 452 1108 610 1172; x_wconf 86' lang='lat' dir='ltr'><strong>incuriam</strong></span> <span class='ocrx_word' id='word_1_31' title='bbox 624 1126 784 1170; x_wconf 88' lang='lat' dir='ltr'><strong>cocorum.</strong></span> <span class='ocrx_word' id='word_1_32' title='bbox 1193 1117 1195 1122; x_wconf 82' lang='grc'><strong>’</strong></span> 
     </span>
    </p>

    <p class='ocr_par' dir='ltr' id='par_1_3' title="bbox 383 1205 1338 2422">
     <span class='ocr_line' id='line_1_6' title="bbox 426 1205 1334 1288; baseline -0.008 -13"><span class='ocrx_word' id='word_1_33' title='bbox 426 1211 512 1275; x_wconf 73' lang='lat' dir='ltr'><strong>An.</strong></span> <span class='ocrx_word' id='word_1_34' title='bbox 530 1211 624 1274; x_wconf 86' lang='lat'>1180.</span> <span class='ocrx_word' id='word_1_35' title='bbox 656 1208 838 1274; x_wconf 74' lang='lat' dir='ltr'><strong>Translatio</strong></span> <span class='ocrx_word' id='word_1_36' title='bbox 853 1213 972 1272; x_wconf 82' lang='lat' dir='ltr'><strong>sanctae</strong></span> <span class='ocrx_word' id='word_1_37' title='bbox 986 1205 1188 1271; x_wconf 79' lang='lat' dir='ltr'><strong>Frideswidse</strong></span> <span class='ocrx_word' id='word_1_38' title='bbox 1202 1205 1334 1288; x_wconf 83' lang='lat' dir='ltr'><strong>virginis</strong></span> 
     </span>
     <span class='ocr_line' id='line_1_7' title="bbox 384 1308 1334 1393; baseline -0.007 -15"><span class='ocrx_word' id='word_1_39' title='bbox 384 1314 526 1379; x_wconf 83' lang='lat' dir='ltr'><strong>Oxoniae.</strong></span> <span class='ocrx_word' id='word_1_40' title='bbox 573 1312 664 1376; x_wconf 90' lang='lat' dir='ltr'><strong>Obiit</strong></span> <span class='ocrx_word' id='word_1_41' title='bbox 687 1311 871 1376; x_wconf 82' lang='lat' dir='ltr'><strong>Alexander</strong></span> <span class='ocrx_word' id='word_1_42' title='bbox 892 1332 993 1393; x_wconf 90' lang='lat' dir='ltr'><strong>papa3</strong></span> <span class='ocrx_word' id='word_1_43' title='bbox 1016 1310 1069 1375; x_wconf 91' lang='lat' dir='ltr'><strong>cui</strong></span> <span class='ocrx_word' id='word_1_44' title='bbox 1092 1308 1244 1374; x_wconf 87' lang='lat' dir='ltr'><strong>successit</strong></span> <span class='ocrx_word' id='word_1_45' title='bbox 1267 1308 1334 1371; x_wconf 85' lang='lat' dir='ltr'><strong>Lu-</strong></span> 
     </span>
     <span class='ocr_line' id='line_1_8' title="bbox 383 1413 1333 1497; baseline -0.005 -17"><span class='ocrx_word' id='word_1_46' title='bbox 383 1417 451 1481; x_wconf 90' lang='lat' dir='ltr'><strong>cius</strong></span> <span class='ocrx_word' id='word_1_47' title='bbox 478 1416 545 1494; x_wconf 90' lang='grc' dir='ltr'><strong>ΙΙΙ,</strong></span> <span class='ocrx_word' id='word_1_48' title='bbox 570 1415 701 1481; x_wconf 86' lang='lat' dir='ltr'><strong>natione</strong></span> <span class='ocrx_word' id='word_1_49' title='bbox 724 1415 858 1493; x_wconf 80' lang='lat' dir='ltr'>Tuscus,</span> <span class='ocrx_word' id='word_1_50' title='bbox 882 1414 937 1497; x_wconf 92' lang='lat' dir='ltr'><strong>qui</strong></span> <span class='ocrx_word' id='word_1_51' title='bbox 963 1413 1046 1478; x_wconf 88' lang='lat' dir='ltr'><strong>sedit</strong></span> <span class='ocrx_word' id='word_1_52' title='bbox 1070 1413 1163 1476; x_wconf 89' lang='lat' dir='ltr'><strong>aunis</strong></span> <span class='ocrx_word' id='word_1_53' title='bbox 1186 1418 1333 1496; x_wconf 87' lang='lat' dir='ltr'><strong>quatuor,</strong></span> 
     </span>
     <span class='ocr_line' id='line_1_9' title="bbox 383 1514 1336 1599; baseline -0.002 -20"><span class='ocrx_word' id='word_1_54' title='bbox 383 1516 496 1581; x_wconf 90' lang='lat' dir='ltr'><strong>diebus</strong></span> <span class='ocrx_word' id='word_1_55' title='bbox 522 1515 709 1581; x_wconf 80' lang='lat' dir='ltr'><strong>octodecim.</strong></span> <span class='ocrx_word' id='word_1_56' title='bbox 763 1515 818 1579; x_wconf 83' lang='lat' dir='ltr'><strong>Ad</strong></span> <span class='ocrx_word' id='word_1_57' title='bbox 842 1516 910 1599; x_wconf 86' lang='lat' dir='ltr'><strong>ejus</strong></span> <span class='ocrx_word' id='word_1_58' title='bbox 939 1522 1117 1598; x_wconf 69' lang='lat' dir='ltr'><strong>praeeant</strong></span> <span class='ocrx_word' id='word_1_59' title='bbox 1146 1514 1336 1579; x_wconf 82' lang='lat' dir='ltr'><strong>instantiam</strong></span> 
     </span>
     <span class='ocr_line' id='line_1_10' title="bbox 386 1616 1336 1701; baseline -0.002 -19"><span class='ocrx_word' id='word_1_60' title='bbox 386 1618 522 1683; x_wconf 89' lang='lat' dir='ltr'><strong>Henrici</strong></span> <span class='ocrx_word' id='word_1_61' title='bbox 557 1618 641 1701; x_wconf 82' lang='lat' dir='ltr'><strong>regis</strong></span> <span class='ocrx_word' id='word_1_62' title='bbox 670 1617 808 1700; x_wconf 82' lang='lat' dir='ltr'><strong>Anglioe,</strong></span> <span class='ocrx_word' id='word_1_63' title='bbox 837 1617 1012 1701; x_wconf 87' lang='lat' dir='ltr'><strong>imperator</strong></span> <span class='ocrx_word' id='word_1_64' title='bbox 1043 1616 1231 1682; x_wconf 82' lang='lat' dir='ltr'><strong>Fredericus</strong></span> <span class='ocrx_word' id='word_1_65' title='bbox 1260 1637 1336 1680; x_wconf 90' lang='lat' dir='ltr'><strong>cum</strong></span> 
     </span>
     <span class='ocr_line' id='line_1_11' title="bbox 385 1719 1336 1804; baseline -0.001 -20"><span class='ocrx_word' id='word_1_66' title='bbox 385 1720 529 1786; x_wconf 83' lang='lat' dir='ltr'><strong>Hemico</strong></span> <span class='ocrx_word' id='word_1_67' title='bbox 552 1721 634 1785; x_wconf 91' lang='lat' dir='ltr'><strong>duce</strong></span> <span class='ocrx_word' id='word_1_68' title='bbox 656 1721 815 1799; x_wconf 75' lang='lat' dir='ltr'><strong>Senoniae,</strong></span> <span class='ocrx_word' id='word_1_69' title='bbox 832 1721 887 1804; x_wconf 88' lang='lat' dir='ltr'><strong>qui</strong></span> <span class='ocrx_word' id='word_1_70' title='bbox 908 1721 973 1785; x_wconf 90' lang='lat' dir='ltr'><strong>huc</strong></span> <span class='ocrx_word' id='word_1_71' title='bbox 994 1741 1095 1803; x_wconf 88' lang='lat' dir='ltr'><strong>usque</strong></span> <span class='ocrx_word' id='word_1_72' title='bbox 1117 1719 1336 1798; x_wconf 85' lang='lat' dir='ltr'><strong>rebellaverat,</strong></span> 
     </span>
     <span class='ocr_line' id='line_1_12' title="bbox 384 1822 1337 1907; baseline -0.002 -19"><span class='ocrx_word' id='word_1_73' title='bbox 384 1825 619 1889; x_wconf 82' lang='lat' dir='ltr'><strong>reconciliatur.</strong></span> <span class='ocrx_word' id='word_1_74' title='bbox 675 1823 766 1888; x_wconf 89' lang='lat' dir='ltr'><strong>Obiit</strong></span> <span class='ocrx_word' id='word_1_75' title='bbox 795 1822 977 1888; x_wconf 85' lang='lat' dir='ltr'><strong>Ludovicus</strong></span> <span class='ocrx_word' id='word_1_76' title='bbox 1005 1845 1061 1888; x_wconf 83' lang='lat' dir='ltr'><strong>rex</strong></span> <span class='ocrx_word' id='word_1_77' title='bbox 1091 1823 1236 1888; x_wconf 61' lang='lat' dir='ltr'><strong>Francm</strong></span> <span class='ocrx_word' id='word_1_78' title='bbox 1264 1830 1337 1907; x_wconf 86' lang='lat' dir='ltr'><strong>post</strong></span> 
     </span>
     <span class='ocr_line' id='line_1_13' title="bbox 385 1925 1337 2010; baseline 0 -20"><span class='ocrx_word' id='word_1_79' title='bbox 385 1948 487 1991; x_wconf 87' lang='lat' dir='ltr'><strong>annos</strong></span> <span class='ocrx_word' id='word_1_80' title='bbox 507 1925 721 2010; x_wconf 84' lang='lat' dir='ltr'><strong>quadraginta</strong></span> <span class='ocrx_word' id='word_1_81' title='bbox 741 1927 883 2010; x_wconf 89' lang='lat' dir='ltr'><strong>quinque</strong></span> <span class='ocrx_word' id='word_1_82' title='bbox 902 1926 938 1989; x_wconf 91' lang='lat' dir='ltr'><strong>in</strong></span> <span class='ocrx_word' id='word_1_83' title='bbox 957 1947 1059 2009; x_wconf 86' lang='lat' dir='ltr'><strong>regno</strong></span> <span class='ocrx_word' id='word_1_84' title='bbox 1078 1932 1206 1991; x_wconf 85' lang='lat' dir='ltr'><strong>exactos</strong></span> <span class='ocrx_word' id='word_1_85' title='bbox 1215 1951 1224 2002; x_wconf 92' lang='lat'>3</span> <span class='ocrx_word' id='word_1_86' title='bbox 1247 1926 1337 1990; x_wconf 92' lang='lat' dir='ltr'><strong>omni</strong></span> 
     </span>
     <span class='ocr_line' id='line_1_14' title="bbox 385 2029 1336 2114; baseline 0 -20"><span class='ocrx_word' id='word_1_87' title='bbox 385 2037 529 2114; x_wconf 84' lang='lat' dir='ltr'><strong>tempore</strong></span> <span class='ocrx_word' id='word_1_88' title='bbox 555 2037 667 2095; x_wconf 85' lang='lat' dir='ltr'><strong>sancto</strong></span> <span class='ocrx_word' id='word_1_89' title='bbox 691 2030 832 2108; x_wconf 75' lang='lat' dir='ltr'><strong>Thomoe,</strong></span> <span class='ocrx_word' id='word_1_90' title='bbox 859 2035 927 2093; x_wconf 85' lang='lat' dir='ltr'><strong>tam</strong></span> <span class='ocrx_word' id='word_1_91' title='bbox 952 2029 1024 2093; x_wconf 87' lang='lat' dir='ltr'><strong>vivo</strong></span> <span class='ocrx_word' id='word_1_92' title='bbox 1050 2050 1147 2112; x_wconf 89' lang='lat' dir='ltr'><strong>quam</strong></span> <span class='ocrx_word' id='word_1_93' title='bbox 1173 2029 1336 2107; x_wconf 85' lang='lat' dir='ltr'><strong>defuncto,</strong></span> 
     </span>
     <span class='ocr_line' id='line_1_15' title="bbox 385 2131 1338 2215; baseline -0.003 -18"><span class='ocrx_word' id='word_1_94' title='bbox 385 2138 537 2197; x_wconf 89' lang='lat' dir='ltr'><strong>constans</strong></span> <span class='ocrx_word' id='word_1_95' title='bbox 557 2133 678 2198; x_wconf 90' lang='lat' dir='ltr'><strong>amicus</strong></span> <span class='ocrx_word' id='word_1_96' title='bbox 698 2138 731 2196; x_wconf 88' lang='lat' dir='ltr'><strong>et</strong></span> <span class='ocrx_word' id='word_1_97' title='bbox 751 2133 884 2197; x_wconf 88' lang='lat' dir='ltr'><strong>devotus</strong></span> <span class='ocrx_word' id='word_1_98' title='bbox 892 2157 902 2210; x_wconf 99' lang='lat'>3</span> <span class='ocrx_word' id='word_1_99' title='bbox 925 2132 979 2196; x_wconf 91' lang='lat' dir='ltr'><strong>cui</strong></span> <span class='ocrx_word' id='word_1_100' title='bbox 997 2132 1150 2196; x_wconf 86' lang='lat' dir='ltr'><strong>successit</strong></span> <span class='ocrx_word' id='word_1_101' title='bbox 1169 2131 1338 2215; x_wconf 83' lang='lat' dir='ltr'><strong>Philippus</strong></span> 
     </span>
     <span class='ocr_line' id='line_1_16' title="bbox 385 2225 1337 2319; baseline 0.001 -21"><span class='ocrx_word' id='word_1_102' title='bbox 385 2235 471 2299; x_wconf 85' lang='lat' dir='ltr'><strong>filius</strong></span> <span class='ocrx_word' id='word_1_103' title='bbox 493 2238 572 2319; x_wconf 88' lang='lat' dir='ltr'><strong>ejus.</strong></span> <span class='ocrx_word' id='word_1_104' title='bbox 618 2235 709 2300; x_wconf 90' lang='lat' dir='ltr'><strong>Obiit</strong></span> <span class='ocrx_word' id='word_1_105' title='bbox 729 2225 876 2319; x_wconf 85' lang='lat' dir='ltr'><strong>Rogerus</strong></span> <span class='ocrx_word' id='word_1_106' title='bbox 895 2234 1108 2300; x_wconf 83' lang='lat' dir='ltr'><strong>Eboracensis</strong></span> <span class='ocrx_word' id='word_1_107' title='bbox 1129 2235 1337 2318; x_wconf 89' lang='lat' dir='ltr'><strong>archiepisco-</strong></span> 
     </span>
     <span class='ocr_line' id='line_1_17' title="bbox 386 2337 1115 2422; baseline 0.001 -22"><span class='ocrx_word' id='word_1_108' title='bbox 386 2359 456 2421; x_wconf 89' lang='lat' dir='ltr'><strong>pus,</strong></span> <span class='ocrx_word' id='word_1_109' title='bbox 471 2337 606 2420; x_wconf 88' lang='lat' dir='ltr'><strong>praefato</strong></span> <span class='ocrx_word' id='word_1_110' title='bbox 619 2338 754 2422; x_wconf 80' lang='lat' dir='ltr'><strong>martyri</strong></span> <span class='ocrx_word' id='word_1_111' title='bbox 769 2358 894 2421; x_wconf 84' lang='lat' dir='ltr'><strong>semper</strong></span> <span class='ocrx_word' id='word_1_112' title='bbox 908 2337 1115 2401; x_wconf 86' lang='lat' dir='ltr'><strong>adversarius.</strong></span> 
     </span>
    </p>

    <p class='ocr_par' dir='ltr' id='par_1_4' title="bbox 387 2438 1344 3533">
     <span class='ocr_line' id='line_1_18' title="bbox 430 2438 1338 2524; baseline 0 -20"><span class='ocrx_word' id='word_1_113' title='bbox 430 2439 517 2504; x_wconf 70' lang='lat' dir='ltr'><strong>Ab.</strong></span> <span class='ocrx_word' id='word_1_114' title='bbox 535 2441 629 2503; x_wconf 90' lang='grc'><strong>1181.</strong></span> <span class='ocrx_word' id='word_1_115' title='bbox 668 2438 831 2504; x_wconf 87' lang='lat' dir='ltr'><strong>Henricus</strong></span> <span class='ocrx_word' id='word_1_116' title='bbox 848 2461 904 2504; x_wconf 86' lang='lat' dir='ltr'><strong>rex</strong></span> <span class='ocrx_word' id='word_1_117' title='bbox 918 2440 1047 2523; x_wconf 80' lang='lat' dir='ltr'><strong>Angliae</strong></span> <span class='ocrx_word' id='word_1_118' title='bbox 1065 2461 1124 2524; x_wconf 87' lang='lat' dir='ltr'><strong>per</strong></span> <span class='ocrx_word' id='word_1_119' title='bbox 1143 2460 1254 2505; x_wconf 85' lang='lat' dir='ltr'><strong>omnes</strong></span> <span class='ocrx_word' id='word_1_120' title='bbox 1273 2447 1338 2504; x_wconf 83' lang='lat' dir='ltr'><strong>ter-</strong></span> 
     </span>
     <span class='ocr_line' id='line_1_19' title="bbox 388 2542 1339 2607; baseline 0.001 -2"><span class='ocrx_word' id='word_1_121' title='bbox 388 2563 441 2606; x_wconf 88' lang='lat' dir='ltr'><strong>ras</strong></span> <span class='ocrx_word' id='word_1_122' title='bbox 461 2562 535 2606; x_wconf 89' lang='lat' dir='ltr'><strong>suas</strong></span> <span class='ocrx_word' id='word_1_123' title='bbox 554 2543 786 2607; x_wconf 88' lang='lat' dir='ltr'><strong>transmarinas</strong></span> <span class='ocrx_word' id='word_1_124' title='bbox 806 2542 907 2607; x_wconf 89' lang='lat' dir='ltr'><strong>edidit</strong></span> <span class='ocrx_word' id='word_1_125' title='bbox 927 2549 1086 2606; x_wconf 88' lang='lat' dir='ltr'><strong>statutum</strong></span> <span class='ocrx_word' id='word_1_126' title='bbox 1105 2543 1145 2606; x_wconf 90' lang='lat' dir='ltr'><strong>de</strong></span> <span class='ocrx_word' id='word_1_127' title='bbox 1165 2543 1261 2607; x_wconf 88' lang='lat' dir='ltr'><strong>armis</strong></span> <span class='ocrx_word' id='word_1_128' title='bbox 1282 2543 1339 2606; x_wconf 91' lang='lat' dir='ltr'><strong>ha·</strong></span> 
     </span>
     <span class='ocr_line' id='line_1_20' title="bbox 389 2643 1340 2728; baseline 0.001 -20"><span class='ocrx_word' id='word_1_129' title='bbox 389 2643 505 2708; x_wconf 81' lang='lat' dir='ltr'><strong>bondis</strong></span> <span class='ocrx_word' id='word_1_130' title='bbox 513 2670 523 2724; x_wconf 92' lang='lat'>3</span> <span class='ocrx_word' id='word_1_131' title='bbox 545 2650 658 2728; x_wconf 89' lang='lat' dir='ltr'><strong>postea</strong></span> <span class='ocrx_word' id='word_1_132' title='bbox 670 2665 745 2709; x_wconf 86' lang='lat' dir='ltr'><strong>vero</strong></span> <span class='ocrx_word' id='word_1_133' title='bbox 759 2645 858 2709; x_wconf 89' lang='lat' dir='ltr'><strong>etiam</strong></span> <span class='ocrx_word' id='word_1_134' title='bbox 868 2644 993 2728; x_wconf 84' lang='lat' dir='ltr'><strong>Anglos</strong></span> <span class='ocrx_word' id='word_1_135' title='bbox 1008 2645 1112 2709; x_wconf 87' lang='lat' dir='ltr'><strong>eidem</strong></span> <span class='ocrx_word' id='word_1_136' title='bbox 1127 2651 1250 2710; x_wconf 88' lang='lat' dir='ltr'><strong>statuto</strong></span> <span class='ocrx_word' id='word_1_137' title='bbox 1265 2645 1340 2709; x_wconf 82' lang='lat' dir='ltr'><strong>sub-</strong></span> 
     </span>
     <span class='ocr_line' id='line_1_21' title="bbox 387 2746 1340 2830; baseline 0.001 -19"><span class='ocrx_word' id='word_1_138' title='bbox 387 2747 477 2830; x_wconf 85' lang='lat' dir='ltr'><strong>jecit,</strong></span> <span class='ocrx_word' id='word_1_139' title='bbox 499 2746 566 2813; x_wconf 81' lang='lat' dir='ltr'><strong>ie.</strong></span> <span class='ocrx_word' id='word_1_140' title='bbox 587 2747 771 2830; x_wconf 87' lang='lat' dir='ltr'><strong>quicunque</strong></span> <span class='ocrx_word' id='word_1_141' title='bbox 792 2746 926 2812; x_wconf 88' lang='lat' dir='ltr'><strong>haberet</strong></span> <span class='ocrx_word' id='word_1_142' title='bbox 947 2746 1079 2812; x_wconf 86' lang='lat' dir='ltr'><strong>feodum</strong></span> <span class='ocrx_word' id='word_1_143' title='bbox 1100 2748 1213 2812; x_wconf 90' lang='lat' dir='ltr'><strong>militis</strong></span> <span class='ocrx_word' id='word_1_144' title='bbox 1234 2748 1340 2828; x_wconf 91' lang='lat' dir='ltr'><strong>unius,</strong></span> 
     </span>
     <span class='ocr_line' id='line_1_22' title="bbox 391 2848 1342 2935; baseline 0.004 -23"><span class='ocrx_word' id='word_1_145' title='bbox 391 2848 525 2914; x_wconf 85' lang='lat' dir='ltr'><strong>haberet</strong></span> <span class='ocrx_word' id='word_1_146' title='bbox 546 2849 689 2930; x_wconf 87' lang='lat' dir='ltr'><strong>loricam,</strong></span> <span class='ocrx_word' id='word_1_147' title='bbox 708 2849 874 2930; x_wconf 87' lang='lat' dir='ltr'><strong>cassidem,</strong></span> <span class='ocrx_word' id='word_1_148' title='bbox 894 2850 1044 2935; x_wconf 81' lang='lat' dir='ltr'><strong>clypeum</strong></span> <span class='ocrx_word' id='word_1_149' title='bbox 1065 2858 1099 2915; x_wconf 86' lang='lat' dir='ltr'><strong>et</strong></span> <span class='ocrx_word' id='word_1_150' title='bbox 1120 2851 1285 2931; x_wconf 86' lang='lat' dir='ltr'><strong>lanceam3</strong></span> <span class='ocrx_word' id='word_1_151' title='bbox 1308 2857 1342 2916; x_wconf 89' lang='lat' dir='ltr'><strong>et</strong></span> 
     </span>
     <span class='ocr_line' id='line_1_23' title="bbox 392 2950 1342 3036; baseline 0.005 -22"><span class='ocrx_word' id='word_1_152' title='bbox 392 2957 471 3036; x_wconf 84' lang='lat' dir='ltr'><strong>quot</strong></span> <span class='ocrx_word' id='word_1_153' title='bbox 489 2951 585 3016; x_wconf 86' lang='lat' dir='ltr'><strong>feoda</strong></span> <span class='ocrx_word' id='word_1_154' title='bbox 603 2950 753 3017; x_wconf 54' lang='lat' dir='ltr'><strong>militum*</strong></span> <span class='ocrx_word' id='word_1_155' title='bbox 764 2953 835 3036; x_wconf 87' lang='lat' dir='ltr'><strong>quis</strong></span> <span class='ocrx_word' id='word_1_156' title='bbox 855 2951 998 3031; x_wconf 86' lang='lat' dir='ltr'><strong>haberet,</strong></span> <span class='ocrx_word' id='word_1_157' title='bbox 1013 2958 1064 3017; x_wconf 90' lang='lat' dir='ltr'><strong>tot</strong></span> <span class='ocrx_word' id='word_1_158' title='bbox 1081 2953 1234 3019; x_wconf 88' lang='lat' dir='ltr'><strong>militaria</strong></span> <span class='ocrx_word' id='word_1_159' title='bbox 1253 2975 1342 3019; x_wconf 88' lang='lat' dir='ltr'><strong>arma</strong></span> 
     </span>
     <span class='ocr_line' id='line_1_24' title="bbox 391 3053 1343 3140; baseline 0.003 -23"><span class='ocrx_word' id='word_1_160' title='bbox 391 3053 536 3119; x_wconf 87' lang='lat' dir='ltr'><strong>haberet.</strong></span> <span class='ocrx_word' id='word_1_161' title='bbox 584 3054 628 3118; x_wconf 82' lang='lat' dir='ltr'><strong>Et</strong></span> <span class='ocrx_word' id='word_1_162' title='bbox 653 3061 725 3137; x_wconf 91' lang='lat' dir='ltr'><strong>post</strong></span> <span class='ocrx_word' id='word_1_163' title='bbox 751 3055 865 3134; x_wconf 85' lang='lat' dir='ltr'><strong>multa,</strong></span> <span class='ocrx_word' id='word_1_164' title='bbox 890 3055 1024 3138; x_wconf 89' lang='lat' dir='ltr'><strong>quilibet</strong></span> <span class='ocrx_word' id='word_1_165' title='bbox 1047 3055 1129 3120; x_wconf 87' lang='lat' dir='ltr'><strong>liber</strong></span> <span class='ocrx_word' id='word_1_166' title='bbox 1153 3056 1263 3135; x_wconf 85' lang='lat' dir='ltr'><strong>laicus,</strong></span> <span class='ocrx_word' id='word_1_167' title='bbox 1287 3057 1343 3140; x_wconf 91' lang='lat' dir='ltr'><strong>qui</strong></span> 
     </span>
     <span class='ocr_line' id='line_1_25' title="bbox 392 3158 1343 3238; baseline 0.001 -15"><span class='ocrx_word' id='word_1_168' title='bbox 392 3158 526 3224; x_wconf 87' lang='lat' dir='ltr'><strong>haberet</strong></span> <span class='ocrx_word' id='word_1_169' title='bbox 540 3160 576 3223; x_wconf 89' lang='lat' dir='ltr'><strong>in</strong></span> <span class='ocrx_word' id='word_1_170' title='bbox 591 3159 713 3225; x_wconf 84' lang='lat' dir='ltr'><strong>catallis</strong></span> <span class='ocrx_word' id='word_1_171' title='bbox 725 3160 865 3224; x_wconf 87' lang='lat' dir='ltr'><strong>valorem</strong></span> <span class='ocrx_word' id='word_1_172' title='bbox 879 3160 990 3225; x_wconf 87' lang='lat' dir='ltr'><strong>decem</strong></span> <span class='ocrx_word' id='word_1_173' title='bbox 1004 3181 1194 3238; x_wconf 84' lang='lat' dir='ltr'><strong>marcarum,</strong></span> <span class='ocrx_word' id='word_1_174' title='bbox 1209 3159 1343 3224; x_wconf 86' lang='lat' dir='ltr'><strong>haberet</strong></span> 
     </span>
     <span class='ocr_line' id='line_1_26' title="bbox 392 3254 1343 3346; baseline 0.002 -20"><span class='ocrx_word' id='word_1_175' title='bbox 392 3262 625 3346; x_wconf 85' lang='lat' dir='ltr'><strong>habergellum,</strong></span> <span class='ocrx_word' id='word_1_176' title='bbox 662 3263 821 3346; x_wconf 89' lang='lat' dir='ltr'><strong>capellum</strong></span> <span class='ocrx_word' id='word_1_177' title='bbox 856 3263 1006 3343; x_wconf 82' lang='lat' dir='ltr'><strong>ferreum,</strong></span> <span class='ocrx_word' id='word_1_178' title='bbox 1037 3269 1070 3327; x_wconf 89' lang='lat' dir='ltr'><strong>et</strong></span> <span class='ocrx_word' id='word_1_179' title='bbox 1106 3264 1252 3327; x_wconf 84' lang='lat' dir='ltr'><strong>lanceam</strong></span> <span class='ocrx_word' id='word_1_180' title='bbox 1262 3289 1272 3342; x_wconf 95' lang='lat'>3</span> <span class='ocrx_word' id='word_1_181' title='bbox 1310 3254 1343 3328; x_wconf 88' lang='lat' dir='ltr'><strong>et</strong></span> 
     </span>
     <span class='ocr_line' id='line_1_27' title="bbox 393 3365 1344 3450; baseline 0 -20"><span class='ocrx_word' id='word_1_182' title='bbox 393 3366 614 3449; x_wconf 89' lang='lat' dir='ltr'><strong>unusquisque</strong></span> <span class='ocrx_word' id='word_1_183' title='bbox 628 3366 752 3450; x_wconf 88' lang='lat' dir='ltr'><strong>juraret</strong></span> <span class='ocrx_word' id='word_1_184' title='bbox 771 3385 839 3430; x_wconf 90' lang='lat' dir='ltr'><strong>non</strong></span> <span class='ocrx_word' id='word_1_185' title='bbox 857 3365 1081 3444; x_wconf 66' lang='lat' dir='ltr'><strong>randanense</strong></span> <span class='ocrx_word' id='word_1_186' title='bbox 1096 3365 1235 3430; x_wconf 86' lang='lat' dir='ltr'><strong>alienare</strong></span> <span class='ocrx_word' id='word_1_187' title='bbox 1254 3387 1344 3430; x_wconf 88' lang='lat' dir='ltr'><strong>arma</strong></span> 
     </span>
     <span class='ocr_line' id='line_1_28' title="bbox 394 3487 461 3533; baseline 0.03 -2"><span class='ocrx_word' id='word_1_188' title='bbox 394 3487 461 3533; x_wconf 87' lang='lat' dir='ltr'><strong>sua.</strong></span> 
     </span>
    </p>

    <p class='ocr_par' dir='ltr' id='par_1_5' title="bbox 394 3567 1387 4372">
     <span class='ocr_line' id='line_1_29' title="bbox 437 3567 1345 3656; baseline 0.001 -22"><span class='ocrx_word' id='word_1_189' title='bbox 437 3569 523 3634; x_wconf 73' lang='lat' dir='ltr'><strong>An.</strong></span> <span class='ocrx_word' id='word_1_190' title='bbox 541 3572 635 3634; x_wconf 80' lang='lat'>1182.</span> <span class='ocrx_word' id='word_1_191' title='bbox 666 3571 737 3634; x_wconf 83' lang='lat' dir='ltr'><strong>Rex</strong></span> <span class='ocrx_word' id='word_1_192' title='bbox 752 3567 914 3635; x_wconf 88' lang='lat' dir='ltr'><strong>Henricus</strong></span> <span class='ocrx_word' id='word_1_193' title='bbox 928 3570 1143 3635; x_wconf 86' lang='lat' dir='ltr'><strong>reconciliavit</strong></span> <span class='ocrx_word' id='word_1_194' title='bbox 1158 3570 1345 3656; x_wconf 88' lang='lat' dir='ltr'><strong>Philippum</strong></span> 
     </span>
     <span class='ocr_line' id='line_1_30' title="bbox 395 3671 1343 3758; baseline 0.003 -23"><span class='ocrx_word' id='word_1_195' title='bbox 395 3672 546 3735; x_wconf 88' lang='lat' dir='ltr'><strong>comitem</strong></span> <span class='ocrx_word' id='word_1_196' title='bbox 571 3671 730 3737; x_wconf 82' lang='lat' dir='ltr'><strong>Flandriae</strong></span> <span class='ocrx_word' id='word_1_197' title='bbox 755 3693 831 3737; x_wconf 91' lang='lat' dir='ltr'><strong>cum</strong></span> <span class='ocrx_word' id='word_1_198' title='bbox 855 3673 1004 3758; x_wconf 88' lang='lat' dir='ltr'><strong>Philippo</strong></span> <span class='ocrx_word' id='word_1_199' title='bbox 1032 3694 1109 3756; x_wconf 84' lang='lat' dir='ltr'><strong>rege</strong></span> <span class='ocrx_word' id='word_1_200' title='bbox 1138 3675 1343 3739; x_wconf 80' lang='lat' dir='ltr'><strong>Francorum</strong></span> 
     </span>
     <span class='ocr_line' id='line_1_31' title="bbox 396 3773 1387 3862; baseline 0.006 -26"><span class='ocrx_word' id='word_1_201' title='bbox 396 3773 624 3857; x_wconf 80' lang='lat' dir='ltr'><strong>Galffidusque</strong></span> <span class='ocrx_word' id='word_1_202' title='bbox 644 3773 728 3839; x_wconf 87' lang='lat' dir='ltr'><strong>filius</strong></span> <span class='ocrx_word' id='word_1_203' title='bbox 751 3776 837 3856; x_wconf 79' lang='lat' dir='ltr'><strong>regis</strong></span> <span class='ocrx_word' id='word_1_204' title='bbox 861 3774 995 3841; x_wconf 90' lang='lat' dir='ltr'><strong>Henrici</strong></span> <span class='ocrx_word' id='word_1_205' title='bbox 1017 3777 1139 3842; x_wconf 90' lang='lat' dir='ltr'><strong>electus</strong></span> <span class='ocrx_word' id='word_1_206' title='bbox 1161 3777 1203 3841; x_wconf 85' lang='lat' dir='ltr'><strong>ad</strong></span> <span class='ocrx_word' id='word_1_207' title='bbox 1226 3777 1345 3862; x_wconf 86' lang='lat' dir='ltr'><strong>episco-</strong></span> <span class='ocrx_word' id='word_1_208' title='bbox 1383 3819 1387 3825; x_wconf 93' lang='lat'>-</span> 
     </span>
     <span class='ocr_line' id='line_1_32' title="bbox 394 3874 1344 3964; baseline 0.006 -26"><span class='ocrx_word' id='word_1_209' title='bbox 394 3895 474 3959; x_wconf 89' lang='lat' dir='ltr'><strong>pum</strong></span> <span class='ocrx_word' id='word_1_210' title='bbox 496 3874 766 3955; x_wconf 80' lang='lat' dir='ltr'><strong>lincolniensem,</strong></span> <span class='ocrx_word' id='word_1_211' title='bbox 788 3879 904 3943; x_wconf 87' lang='lat' dir='ltr'><strong>maluit</strong></span> <span class='ocrx_word' id='word_1_212' title='bbox 925 3878 1122 3964; x_wconf 90' lang='lat' dir='ltr'><strong>episcopatui</strong></span> <span class='ocrx_word' id='word_1_213' title='bbox 1143 3879 1344 3958; x_wconf 84' lang='lat' dir='ltr'><strong>renunciare,</strong></span> 
     </span>
     <span class='ocr_line' id='line_1_33' title="bbox 395 3978 1345 4065; baseline 0.003 -24"><span class='ocrx_word' id='word_1_214' title='bbox 395 3999 493 4063; x_wconf 89' lang='lat' dir='ltr'><strong>quam</strong></span> <span class='ocrx_word' id='word_1_215' title='bbox 508 3999 590 4042; x_wconf 89' lang='lat' dir='ltr'><strong>onus</strong></span> <span class='ocrx_word' id='word_1_216' title='bbox 605 3978 667 4043; x_wconf 92' lang='lat' dir='ltr'><strong>sibi</strong></span> <span class='ocrx_word' id='word_1_217' title='bbox 680 3979 883 4063; x_wconf 84' lang='lat' dir='ltr'><strong>importabile</strong></span> <span class='ocrx_word' id='word_1_218' title='bbox 898 3980 1068 4065; x_wconf 85' lang='lat' dir='ltr'><strong>suscipere.</strong></span> <span class='ocrx_word' id='word_1_219' title='bbox 1107 3981 1181 4044; x_wconf 86' lang='lat' dir='ltr'><strong>Juri</strong></span> <span class='ocrx_word' id='word_1_220' title='bbox 1195 4001 1272 4063; x_wconf 84' lang='lat' dir='ltr'><strong>ergo</strong></span> <span class='ocrx_word' id='word_1_221' title='bbox 1286 4001 1345 4045; x_wconf 91' lang='lat' dir='ltr'><strong>suo</strong></span> 
     </span>
     <span class='ocr_line' id='line_1_34' title="bbox 394 4079 1345 4168; baseline -0.001 -22"><span class='ocrx_word' id='word_1_222' title='bbox 394 4081 431 4146; x_wconf 90' lang='lat' dir='ltr'><strong>in</strong></span> <span class='ocrx_word' id='word_1_223' title='bbox 454 4080 604 4146; x_wconf 91' lang='lat' dir='ltr'><strong>manibus</strong></span> <span class='ocrx_word' id='word_1_224' title='bbox 629 4079 759 4146; x_wconf 89' lang='lat' dir='ltr'><strong>Ricardi</strong></span> <span class='ocrx_word' id='word_1_225' title='bbox 781 4083 1009 4168; x_wconf 88' lang='lat' dir='ltr'><strong>archiepiscopi</strong></span> <span class='ocrx_word' id='word_1_226' title='bbox 1033 4082 1274 4148; x_wconf 75' lang='lat' dir='ltr'><strong>cantuariensis</strong></span> <span class='ocrx_word' id='word_1_227' title='bbox 1296 4103 1345 4146; x_wconf 89' lang='lat' dir='ltr'><strong>re-</strong></span> 
     </span>
     <span class='ocr_line' id='line_1_35' title="bbox 395 4184 1346 4269; baseline -0.001 -21"><span class='ocrx_word' id='word_1_228' title='bbox 395 4184 572 4264; x_wconf 78' lang='lat' dir='ltr'><strong>nunciavit,</strong></span> <span class='ocrx_word' id='word_1_229' title='bbox 587 4190 621 4249; x_wconf 91' lang='lat' dir='ltr'><strong>et</strong></span> <span class='ocrx_word' id='word_1_230' title='bbox 635 4184 800 4249; x_wconf 87' lang='lat' dir='ltr'><strong>Walterus</strong></span> <span class='ocrx_word' id='word_1_231' title='bbox 820 4184 860 4249; x_wconf 91' lang='lat' dir='ltr'><strong>de</strong></span> <span class='ocrx_word' id='word_1_232' title='bbox 875 4185 1066 4250; x_wconf 86' lang='lat' dir='ltr'><strong>Constantia</strong></span> <span class='ocrx_word' id='word_1_233' title='bbox 1085 4186 1206 4250; x_wconf 88' lang='lat' dir='ltr'><strong>electus</strong></span> <span class='ocrx_word' id='word_1_234' title='bbox 1224 4185 1261 4250; x_wconf 89' lang='lat' dir='ltr'><strong>in</strong></span> <span class='ocrx_word' id='word_1_235' title='bbox 1280 4184 1346 4269; x_wconf 91' lang='lat' dir='ltr'><strong>epi-</strong></span> 
     </span>
     <span class='ocr_line' id='line_1_36' title="bbox 397 4285 1347 4372; baseline -0.001 -21"><span class='ocrx_word' id='word_1_236' title='bbox 397 4307 529 4372; x_wconf 85' lang='lat' dir='ltr'><strong>scopum</strong></span> <span class='ocrx_word' id='word_1_237' title='bbox 558 4285 719 4354; x_wconf 82' lang='lat' dir='ltr'><strong>successit.</strong></span> <span class='ocrx_word' id='word_1_238' title='bbox 776 4286 867 4353; x_wconf 87' lang='lat' dir='ltr'><strong>Obiit</strong></span> <span class='ocrx_word' id='word_1_239' title='bbox 897 4287 1059 4354; x_wconf 87' lang='lat' dir='ltr'><strong>Henricns</strong></span> <span class='ocrx_word' id='word_1_240' title='bbox 1088 4309 1144 4354; x_wconf 83' lang='lat' dir='ltr'><strong>rex</strong></span> <span class='ocrx_word' id='word_1_241' title='bbox 1170 4286 1288 4372; x_wconf 88' lang='lat' dir='ltr'><strong>junior,</strong></span> <span class='ocrx_word' id='word_1_242' title='bbox 1313 4292 1347 4351; x_wconf 89' lang='lat' dir='ltr'><strong>et</strong></span> 
     </span>
    </p>
   </div>
   <div class='ocr_carea' id='block_1_3' title="bbox 0 0 1626 5104">
    <p class='ocr_par' dir='ltr' id='par_1_6' title="bbox 0 0 1626 5104">
     <span class='ocr_line' id='line_1_37' title="bbox 0 0 1626 5104; baseline 0 0"><span class='ocrx_word' id='word_1_243' title='bbox 0 0 1626 5104; x_wconf 95' lang='lat' dir='ltr'><strong> </strong></span> 
     </span>
    </p>
   </div>
  </div>
 </body>
</html>
