3226 5100
619 637 909 682 rnrmsononusn.
1000 629 1001 633 ’
1201 623 1241 686 51

291 757 379 820 niam
398 761 522 840 petens,
538 763 571 820 et
588 778 689 820 manu
708 756 814 820 valida
834 763 1008 834 contracta,
1030 777 1105 821 cum
1126 758 1243 822 auxilio

187 869 190 873 '
289 861 388 924 etiam
410 860 538 924 Griffini
556 860 641 943 regis
655 860 878 938 Wallensium,
894 861 1031 945 pervim
1051 861 1242 926 comitatum

289 985 385 1026 suum
403 962 532 1046 recepit,
552 963 680 1026 civitate
704 963 846 1026 Herford
866 964 954 1046 prius
974 962 1150 1042 combusta,
1167 986 1241 1029 cum

288 1066 482 1130 monasterio
498 1067 601 1131 sancti
615 1066 798 1130 Ethelberti
816 1067 900 1150 regis
916 1073 949 1131 et
964 1068 1114 1151 martyris
1127 1094 1137 1146 3
1159 1089 1240 1132 non-

288 1169 385 1233 nullis
401 1169 561 1234 canonicis
577 1170 697 1248 occisis,
714 1176 747 1233 et
763 1169 1007 1253 quadringentis
1027 1171 1115 1234 laicis
1130 1172 1180 1234 vel
1201 1192 1238 1235 eo

289 1273 425 1355 amplius
447 1272 635 1338 interfectis.
680 1273 788 1337 Elsius
809 1274 907 1338 abbas
925 1274 1028 1357 Burgi
1047 1274 1144 1338 obiit:
1169 1295 1239 1338 suc-

288 1375 383 1439 cessit
397 1375 558 1440 Aruinus.

332 1478 530 1543 A.D.1056.
577 1479 740 1544 Hemicus
765 1479 939 1564 imperator
965 1478 1063 1557 obiit3
1094 1479 1146 1543 oui
1169 1501 1239 1544 suc·

287 1581 382 1644 cessit
405 1582 567 1645 Hemicus
581 1581 633 1645 VI
652 1581 738 1644 filius
760 1583 839 1665 ejus,
861 1581 917 1664 qui
940 1582 1120 1646 Romanam
1140 1584 1238 1646 eccle-

287 1685 367 1747 siam
382 1706 441 1768 pro
451 1685 642 1761 investitura
654 1705 712 1768 per
723 1684 881 1747 annulum
893 1688 926 1747 et
936 1683 1089 1747 baculum
1101 1684 1239 1766 graviter

286 1795 320 1853 et
342 1790 441 1872 longo
465 1796 610 1874 tempore
633 1791 767 1854 vexavit.
822 1790 912 1854 Obiit
930 1791 1045 1855 Victor
1069 1815 1161 1877 papa,
1187 1795 1239 1858 cui

286 1913 344 1975 per
369 1893 554 1958 violentiam
584 1894 735 1957 successit
765 1894 931 1977 episcopus
957 1894 1181 1975 Vercellensis‚
1205 1905 1238 1962 ct

285 1994 391 2059 dictus
415 2003 463 2060 est
488 1996 684 2060 Benedictus
704 1995 749 2060 X.
794 1997 964 2083 Marianus
987 1998 1175 2081 peregrinus
1199 1999 1238 2064 do

287 2095 396 2159 Scotia
411 2098 578 2161 Coloniam
592 2098 734 2177 veniens,
745 2097 791 2186 ibi
806 2099 841 2161 in
857 2099 1051 2164 monasterio
1068 2101 1238 2166 Scotorum

285 2197 389 2262 sancti
414 2198 560 2277 Martini,
585 2199 699 2282 quinta
723 2199 804 2264 feria
824 2200 970 2265 kalendis
994 2203 1145 2285 Augusti,
1168 2227 1236 2268 mo-

284 2302 408 2365 nachus
422 2303 526 2366 factus
541 2309 600 2367 est.
634 2303 862 2368 Dunelmensis
878 2305 1043 2388 episcopus
1057 2308 1235 2390 Egelricus,

285 2404 469 2487 episcopatu
489 2412 604 2488 sponte
621 2405 744 2484 relicto,
760 2407 801 2469 ad
821 2408 1053 2473 monasterium
1078 2431 1173 2474 suum
1196 2411 1235 2474 de

284 2515 405 2599 Burgo,
416 2515 473 2579 ubi
490 2516 652 2599 quondam
668 2516 844 2581 monachus
857 2527 935 2598 crat,
946 2520 1101 2585 remeavit
1110 2547 1119 2599 3
1137 2522 1235 2604 Agel-

284 2618 368 2682 wino
386 2619 486 2683 fratre
504 2640 572 2697 suo,
589 2626 622 2683 ot
642 2609 800 2685 monacho
820 2621 964 2705 ejusdem
988 2625 1184 2702 monasterii,
1200 2624 1236 2688 in

250 2759 252 2762 v
284 2720 392 2784 locum
408 2743 503 2784 suum
519 2728 715 2786 consecrato.

326 2823 411 2888 A.D.
437 2826 531 2889 1057.
576 2823 753 2888 Edwardus
776 2825 940 2889 Edmundi
969 2827 1063 2910 regis,
1088 2827 1234 2892 Ironside

284 2923 371 3002 dieti,
386 2925 481 3004 filius,
501 2924 541 2988 ab
563 2926 735 3009 Hungaria
752 2935 947 3012 perpetrem
965 2937 1095 2994 vocatus
1114 2930 1150 2994 in
1164 2932 1234 2994 An-

207 3067 210 3072 ·
283 3027 392 3108 gliam,
408 3029 488 3092 obiit
508 3029 703 3093 Londoniae:
726 3028 814 3092 hunc
832 3029 893 3092 sibi
913 3029 1073 3093 haeredem
1092 3051 1149 3093 rex
1168 3030 1233 3094 Ed·
1334 3073 1337 3077 -

282 3130 407 3194 wardus
425 3138 632 3214 proposuerat
652 3130 772 3195 fecisse.
819 3117 983 3194 Leofricns
999 3132 1096 3195 etiam
1116 3153 1232 3212 comes,

283 3232 418 3296 Lefwini
448 3233 537 3296 ducis
566 3232 661 3310 filius,
692 3232 781 3297 obiit.
841 3233 910 3296 Iste
940 3253 1014 3294 cum
1043 3254 1142 3297 uxore
1174 3255 1233 3298 sua

283 3336 408 3400 Godiva
421 3337 525 3400 multa
544 3334 738 3399 monasteria
751 3335 802 3397 vel
818 3333 965 3397 fundavit
978 3334 1030 3398 vel
1049 3335 1231 3417 ampliavit3

281 3439 369 3502 unde
392 3440 478 3502 inter
503 3445 620 3502 caetera
648 3436 831 3501 coenobium
859 3436 1077 3501 Goventrense
1106 3438 1147 3501 de
1173 3460 1231 3502 suo

281 3539 474 3624 patrimonio
489 3546 748 3617 construxerunt,
764 3539 821 3603 ubi
836 3545 868 3603 et
884 3539 1001 3622 sepulti
1019 3547 1105 3604 sunt.
1152 3541 1230 3604 Suc-

281 3643 377 3706 cessit
394 3643 535 3726 Algarus
558 3643 643 3707 filius
667 3643 736 3726 ejus
755 3642 791 3705 in
814 3642 1012 3707 comitatum.
1057 3642 1231 3708 Arnwinus
1257 3723 1259 3728 ι

281 3744 380 3808 abbas
410 3746 512 3828 Burgi
541 3745 669 3810 demisit
698 3745 796 3809 sede
822 3744 952 3809 abbatia
959 3770 970 3823 ;
1001 3744 1054 3808 cui
1079 3747 1279 3832 successit„

281 3852 429 3937 egregius
444 3860 536 3937 pater
550 3853 724 3918 Leofricus.

323 3957 409 4020 A.D.
431 3957 525 4019 1058.
570 3957 710 4039 Algarus
734 3975 839 4020 comes
862 3955 1003 4019 secundo
1029 3977 1144 4039 aroge
1165 3957 1229 4020 Ed-

280 4059 386 4125 wardo
413 4061 506 4124 exilio
536 4061 647 4143 pulsus
672 4065 739 4136 est3
774 4058 830 4122 sed
855 4059 974 4123 auxiiio
998 4059 1125 4122 Griffini
1145 4060 1231 4141 regis

279 4163 415 4242 Wulliae,
435 4170 468 4226 et
488 4163 596 4228 classis
622 4161 806 4229 Hibernicae
825 4167 859 4224 ct
880 4160 1070 4244 Norwegiae,
1090 4162 1231 4244 pervim
1285 4207 1300 4251 '.
1322 4183 1324 4188 ’

279 4286 374 4328 suum
390 4265 579 4352 comitatum
593 4264 722 4348 recepit.
749 4261 909 4328 Aldredus
926 4263 1091 4347 episcopus
1102 4263 1231 4346 Wigor-

386 4371 391 4380 ’
728 4386 747 4426 n
763 4367 783 4424 2
