3226 5100
595 611 884 657 rnrurnunouuss.
1172 599 1212 661 81
1329 611 1338 623 ·’

303 731 388 796 A.D.
406 732 500 796 1122.
548 730 639 797 Obiit
663 731 822 796 Radulfus
845 731 1086 800 cantuariensis
1111 737 1214 802 archi-

261 834 437 919 episcopus,
464 834 517 899 cui
546 837 698 900 successit
727 837 911 902 Willelmus
935 885 1023 902 ...
1047 838 1215 906 lohannes

259 938 486 1003 Bethaniensis
516 939 682 1023 episcopus
712 939 803 1006 obiit.
840 935 932 1007 'Iste
960 949 1065 1008 totam
1099 944 1214 1009 urbem

258 1042 513 1106 Bathoniensem
536 1065 555 1107 a
576 1065 651 1126 rege
675 1045 817 1108 Henrico
838 1067 896 1129 pro
915 1045 1101 1130 quingentis
1122 1047 1213 1112 libris

258 1145 385 1228 argenti
415 1152 545 1210 emerat.
592 1146 712 1210 Civitas
740 1146 922 1228 Glavornia‚
947 1169 1021 1212 cum
1044 1150 1214 1234 principali

257 1248 462 1328 monasterio,
486 1251 703 1332 conflagratur
724 1248 892 1327 incendio;
924 1257 957 1314 et
981 1273 1048 1315 non
1070 1253 1213 1321 multum

257 1359 329 1437 post
344 1353 460 1417 iterato
475 1360 617 1417 cremata
632 1358 689 1416 est.
719 1353 933 1436 Eleemosyna
948 1352 1083 1435 abbatia
1092 1355 1218 1420 sister-f

258 1455 372 1520 ciensis
396 1455 517 1520 ordinis
540 1456 677 1520 fundata
698 1462 747 1520 est
768 1456 805 1519 in
827 1456 971 1520 Francia.
1023 1457 1122 1522 Sedes
1146 1459 1212 1542 epi·

259 1559 392 1643 scopalis
406 1558 578 1624 Wellensis
593 1559 788 1624 transfertur
802 1559 1008 1625 Bathouiam.

300 1663 389 1726 A.D.
422 1664 517 1727 1123.
577 1661 668 1727 Obiit
698 1661 860 1726 Robertus
889 1662 1008 1726 Bloeth
1044 1664 1211 1748 episcopus

258 1764 511 1844 Lincolm'ensis3
541 1765 594 1830 cui
616 1765 767 1830 successit
789 1749 982 1829 illexander.
1027 1766 1210 1832 Willelmus

257 1868 511 1952 archiepiscopus
527 1867 769 1933 cantuariensis
786 1869 924 1932 Romam
943 1890 1002 1952 pro
1023 1869 1120 1953 pallio
1135 1892 1210 1936 oum
1269 1907 1271 1912 ,

258 1971 410 2036 Turstino
424 1971 620 2036 Eboracensi
635 1971 743 2036 adivit.
782 1971 976 2036 Godefridns
991 1973 1029 2036 fit
1044 1973 1210 2058 episcopus

257 2074 495 2138 Bathoniensis.
541 2075 725 2140 Alexander
741 2096 798 2139 rex
822 2073 992 2140 Scotorum
1014 2075 1112 2142 obiit:
1139 2099 1210 2142 suc-

257 2177 354 2242 cessit
376 2177 481 2242 David
502 2177 601 2241 frater
623 2178 702 2262 ejus.
747 2177 871 2242 llull'us
886 2178 1121 2262 Wigornienssi
1145 2180 1211 2264 api·

259 2302 374 2366 scopus
389 2280 480 2345 obiit.
515 2281 678 2346 Goffridus
694 2281 792 2346 abbas
808 2282 1011 2367 Croylandiae
1026 2282 1124 2348 obiit:
1141 2305 1212 2348 suc·

258 2385 353 2449 cessit
368 2383 542 2450 Waldevus
556 2386 734 2450 monachus
750 2387 895 2470 ejusdem
910 2386 983 2450 loci.
1021 2387 1211 2452 Baldwinus

259 2486 419 2553 secundus
440 2509 497 2553 rex
519 2489 709 2568 Jerusalem,
732 2509 800 2553 non
820 2490 917 2572 longe
943 2489 983 2554 ab
1007 2490 1212 2576 Jerusolyma

258 2593 407 2676 equitans
429 2598 462 2657 et
481 2591 623 2672 inermis,
647 2593 754 2658 subito
777 2615 796 2658 a
821 2593 955 2658 Turobis
981 2593 1211 2661 insidiantibus

257 2702 371 2780 captus
386 2702 445 2761 est.

299 2800 497 2865 A.D.1124.
542 2800 700 2866 Arnulfus
722 2801 889 2884 episeopus
916 2801 1085 2881 Roffensis,
1109 2823 1211 2885 quon·
1342 2900 1350 2912 l

257 2903 332 2968 dam
347 2903 445 2968 abbas
461 2904 573 2987 Burgi,
587 2903 676 2968 obiit.
708 2905 878 2983 Ranulfus,
891 2904 975 2988 regis
991 2905 1209 2986 cancellarius,

257 3013 291 3072 et
313 3007 479 3092 episcopus
501 3008 741 3088 Dunelmensis‚
761 3008 936 3072 miserabili
956 3008 1048 3073 obitu
1069 3009 1135 3073 vita
1157 3008 1211 3074 de·

257 3112 361 3178 cessit
407 3110 593 3176 Baldwinus
615 3133 671 3176 rex
694 3112 884 3191 Jerusalem,
899 3133 958 3196 per
972 3112 1091 3176 milites
1114 3112 1211 3176 auda-

256 3216 400 3280 cissimos
422 3215 561 3298 speciem
582 3214 823 3298 negotiatorum
842 3215 1007 3293 mentitos,
1030 3215 1127 3279 armis
1150 3214 1211 3280 sub

255 3317 398 3381 vestibus
413 3317 591 3396 occultatis,
607 3316 761 3401 oppidum
775 3317 833 3381 ubi
848 3315 1089 3381 custodiebatur
1101 3316 1212 3401 ingre·

257 3421 394 3498 dientes,
415 3441 435 3483 a
456 3440 582 3485 earcere
604 3420 740 3503 eripitur
762 3427 794 3484 et
816 3419 983 3484 liberatur.
1028 3421 1132 3504 Tyrus
1153 3441 1212 3505 per
1317 3424 1319 3428 ’

257 3523 458 3590 Christianos
480 3524 615 3607 capitur.
661 3522 806 3588 Culixtus
827 3544 911 3608 papa
932 3522 1030 3588 obiit:
1053 3523 1107 3588 hic
1127 3525 1216 3588 Bur·¹

257 3629 372 3693 diuum
387 3628 582 3713 antipapam,
598 3636 730 3713 captum
748 3629 877 3708 Suterii,
892 3628 1106 3713 ignominiose
1122 3631 1209 3710 satis,

256 3733 292 3797 in
307 3734 501 3798 monasterio
516 3734 602 3816 qnod
617 3732 727 3798 Genea
741 3733 869 3813 dicitur,
883 3733 1025 3799 reclusit.
1063 3734 1210 3800 Tandem

258 3835 421 3900 Henrious
456 3836 631 3921 imperator
660 3836 781 3902 amicus
818 3839 888 3922 ejus
916 3837 1031 3916 factus,
1059 3860 1097 3903 eo
1123 3838 1210 3922 quod

256 3939 420 4024 proximus
444 3941 513 4024 ejus
537 3946 606 4004 erat
632 3941 798 4024 sanguinis
821 3941 917 4020 linea,
942 3942 1013 4006 Deo
1039 3947 1084 4006 et
1098 3949 1211 4007 sancto

256 4043 354 4107 Petro
373 4043 580 4108 investituras
594 4065 652 4127 per
666 4045 825 4110 annulum
847 4050 881 4109 et
900 4044 1054 4108 baculum
1075 4045 1210 4125 remisit,

257 4147 392 4212 retentis
422 4146 485 4212 sibi·
507 4153 639 4212 tantum
667 4147 840 4230 regalibus.
902 4148 1137 4212 confirmatum
1163 4154 1212 4213 est

257 4251 319 4316 hoo
344 4257 529 4336 utrumque,
552 4257 621 4316 tam
644 4250 811 4337 privilegio
835 4250 1001 4336 imperiali·
1015 4273 1115 4338 quam
1138 4272 1211 4334 apo-

728 4375 749 4418 o
