3218 5098
623 655 917 699 rurarauaonusr..
1202 626 1258 703 57¹

291 770 389 834 -nium
407 792 502 834 suum
521 771 639 835 obtulit
660 793 755 855 super
775 772 875 836 altare
895 771 998 836 saneti
1021 772 1109 836 Petri
1134 774 1246 838 Romae

296 875 376 937 Dea.
422 873 545 937 Eodem
576 895 661 938 anno
691 875 840 938 monaehi
869 875 1023 953 Elienses,
1054 876 1245 959 quibusdam

295 977 478 1059 Anglorum
498 977 704 1060 magnatibus
724 985 838 1041 eontra
857 1000 964 1060 regem
981 978 1181 1042 Willelmum
1196 1002 1246 1044 re·

295 1079 489 1143 bellantibus
516 1101 703 1144 succursum
728 1079 917 1164 praebentes,
941 1081 1079 1164 exlegati
1103 1090 1189 1161 sunt,
1213 1091 1246 1148 et

296 1182 391 1245 multi
419 1183 570 1246 monachi
599 1183 729 1264 Anglioi
757 1203 815 1265 per
843 1189 946 1246 totam
977 1183 1132 1267 Angliam
1162 1187 1245 1250 male

294 1286 435 1363 tractati,
462 1291 495 1348 et
526 1285 702 1368 plurimum
731 1286 846 1349 vexati.
901 1287 1011 1350 Multa
1040 1290 1244 1367 monasteria,

294 1396 363 1451 tam
379 1388 418 1452 de
432 1389 568 1471 propriis
583 1389 727 1472 pecuniis
743 1411 839 1472 quam
856 1389 895 1452 de
911 1390 1047 1454 aliorum
1062 1391 1145 1474 apud
1161 1392 1245 1476 ipsos

295 1490 455 1574 depositis,
472 1491 512 1567 ad
528 1491 740 1574 quadrantem
754 1492 907 1555 ultimum
922 1493 1065 1575 spoliata.

346 1594 430 1657 A.D.
463 1596 559 1658 1073.
615 1594 727 1658 Litora
762 1595 960 1659 dominicalis
996 1597 1032 1658 F.
1067 1595 1245 1661 indictione

294 1696 474 1774 undecima,
501 1697 679 1761 secuudum
709 1705 898 1781 computum
926 1699 1074 1781 magistri
1103 1699 1246 1763 Mariani

297 1801 394 1880 Sooti‚
418 1801 522 1884 primo
546 1801 715 1865 Fuldensis
739 1801 898 1879 monaehi,
923 1801 1039 1866 deinde
1063 1802 1149 1886 apud
1172 1803 1245 1866 Ma-

294 1905 442 1987 guntiam
467 1905 583 1969 inclusi
594 1931 604 1983 3
636 1905 734 1968 etiam
758 1904 935 1968 secundum
960 1905 1035 1968 solis
1057 1927 1186 1969 cursum
1212 1913 1245 1971 et

293 2003 379 2072 lunae
408 2008 581 2088 habentur,
609 2009 691 2072 sicut
722 2030 806 2072 anno
837 2008 960 2072 decimo
987 2009 1100 2091 quinto
1126 2009 1246 2073 'liberii

294 2112 437 2191 Caesaris,
454 2112 579 2176 duobus
601 2111 727 2195 magnis
750 2111 856 2196 cyclis,
878 2111 900 2174 i.
917 2132 943 2176 e.
968 2112 1055 2175 mille
1078 2113 1246 2195 sexaginta

294 2225 326 2278 et
356 2222 494 2298 quatuor
523 2216 616 2278 annis
645 2215 925 2279 interlabentibus.
975 2215 1158 2279 Willelmus
1187 2237 1244 2281 rex

294 2318 445 2402 subjugat
461 2319 522 2382 sibi
537 2320 802 2383 cenomanniam.
848 2318 972 2382 Eodem
988 2341 1074 2382 anno
1089 2319 1243 2384 Edwinus

294 2429 326 2486 et
342 2423 531 2500 Moroarius,
547 2423 606 2486 filii
625 2422 747 2505 Algari,
763 2422 820 2486 filii
839 2422 957 2486 Lefrici
972 2422 1097 2486 comitis
1118 2422 1243 2486 Leioes·

293 2526 373 2604 triae,
397 2527 513 2610 saepius
534 2526 631 2609 eapti,
654 2526 711 2590 sed
733 2546 857 2609 semper
879 2525 1083 2590 miseratione
1104 2527 1189 2609 regis
1211 2533 1243 2590 et

294 2629 396 2710 gratia
411 2651 478 2693 suae
492 2628 670 2693 nobilitatis
684 2629 814 2711 impune
830 2628 969 2706 dimissi;
993 2635 1163 2712 postremo,
1175 2651 1242 2692 non

292 2732 323 2794 vi
345 2754 405 2796 neo
428 2732 501 2796 dolo
522 2732 675 2809 hostium,
698 2731 755 2796 sed
777 2752 908 2795 suorum
926 2731 1060 2815 perfidia
1078 2732 1241 2811 trucidati,

292 2858 402 2920 regem
423 2837 520 2900 etiam
541 2836 582 2899 ad
600 2837 748 2899 lacrimas
765 2855 898 2918 coegere
907 2861 917 2913 3
939 2856 1075 2918 quorum
1091 2857 1241 2913 sororem,

292 2942 424 3005 nomine
453 2940 598 3018 Luciam,
629 2961 703 3004 oum
730 2939 879 3003 omnibus
911 2939 1012 3002 terris⁴
1035 2960 1156 3017 eorum,
1185 2959 1242 3002 rex

293 3046 476 3109 Willelmus
497 3042 588 3108 Ivoni
610 3042 758 3121 Tailbois,
771 3031 854 3107 tune
874 3041 1100 3126 Andegavensi
1120 3042 1240 3120 comiti,

292 3148 465 3212 maritavit.

336 3253 420 3316 A.D.
453 3253 548 3317 1074.
601 3249 691 3314 Obiit
720 3248 905 3313 Alexander
938 3270 1028 3331 papa,
1059 3248 1115 3330 qui
1147 3248 1241 3330 petiit

293 3376 390 3438 quare
405 3355 507 3437 magis
522 3353 706 3418 faciendum
725 3352 844 3418 festum
860 3351 900 3416 de
915 3351 1074 3414 Trinitate
1089 3372 1185 3434 quam
1201 3351 1241 3415 de

292 3459 429 3522 Unitate
444 3458 601 3521 Deitatis:
625 3456 678 3520 oui
697 3455 848 3520 successit
868 3454 1076 3518 cancellarius
1092 3455 1241 3537 apostolis

292 3584 358 3642 eus,
379 3561 483 3625 dictus
505 3559 747 3638 Hillebrandus‚
769 3567 801 3623 et
821 3565 951 3622 vocatus
969 3557 1143 3640 Gregorius
1158 3559 1239 3623 VII.

292 3666 357 3730 Hio
373 3664 624 3741 Hildebrandus,
640 3664 718 3727 dum
732 3663 815 3726 vioes
831 3662 963 3729 Domini
977 3683 1067 3746 papae
1086 3661 1121 3725 in
1140 3663 1239 3727 Fran-

292 3772 341 3836 oia
360 3775 469 3850 ageret
488 3769 623 3851 legatus,
640 3775 673 3832 et
691 3766 822 3850 quidam
842 3767 1017 3850 episcopus,
1037 3766 1076 3830 de
1097 3766 1240 3831 Simonia

290 3880 430 3948 vocatus,
445 3893 512 3956 prae
532 3871 649 3935 divitiis
664 3877 697 3934 et
713 3870 896 3953 eloquentia
915 3869 1060 3934 eonvinoi
1080 3892 1147 3934 non
1167 3893 1238 3954 pos-

291 3983 358 4054 set;
380 3975 505 4057 legatus
526 3975 583 4037 tali
599 3973 721 4056 judicio
741 3994 816 4037 eum
836 3973 1047 4038 examinavit:
1072 3977 1092 4010 “
1104 3975 1170 4053 Si‚'’
1188 3975 1240 4038 in-¹

291 4080 370 4164 quit,
387 4077 575 4161 “Spiritum
592 4077 749 4140 Sanctum
765 4076 970 4156 defraudasti,
983 4077 1132 4141 ostendat
1148 4077 1238 4161 spiri-

288 4191 342 4247 tus
368 4182 431 4247 oris
454 4181 523 4259 tui;
550 4180 601 4244 dio
624 4201 709 4262 ergo,
734 4180 845 4244 Gloria
867 4181 966 4260 Patri,
989 4188 1022 4245 et
1044 4180 1134 4258 Filio,
1159 4181 1237 4244 &e.''

274 4340 276 4344 ,
290 4287 465 4370 Episcopus
481 4284 684 4349 consentiens
696 4284 827 4368 judicio,
845 4285 940 4368 ooepit
957 4283 1071 4363 dicere,
1087 4283 1237 4347 distinete
