<?xml version="1.0" encoding="UTF-8"?>
<!DOCTYPE html PUBLIC "-//W3C//DTD XHTML 1.0 Transitional//EN"
    "http://www.w3.org/TR/xhtml1/DTD/xhtml1-transitional.dtd">
<html xmlns="http://www.w3.org/1999/xhtml" xml:lang="en" lang="en">
 <head>
  <title>
</title>
<meta http-equiv="Content-Type" content="text/html;charset=utf-8" />
  <meta name='ocr-system' content='tesseract 3.04.00' />
  <meta name='ocr-capabilities' content='ocr_page ocr_carea ocr_par ocr_line ocrx_word'/>
</head>
<body>
  <div class='ocr_page' id='page_1' title='image "./chroniconanglia00chrogoog_0157.png"; bbox 0 0 3212 5102; ppageno 0'>
   <div class='ocr_carea' id='block_1_1' title="bbox 610 663 1231 728">
    <p class='ocr_par' dir='ltr' id='par_1_1' title="bbox 610 663 1231 728">
     <span class='ocr_line' id='line_1_1' title="bbox 610 663 1231 728; baseline 0 -2"><span class='ocrx_word' id='word_1_1' title='bbox 610 683 901 728; x_wconf 80' lang='lat' dir='ltr'><strong>rusnrauaouusn.</strong></span> <span class='ocrx_word' id='word_1_2' title='bbox 1168 663 1231 726; x_wconf 83' lang='lat'><strong>135</strong></span> 
     </span>
    </p>
   </div>
   <div class='ocr_carea' id='block_1_2' title="bbox 276 796 1246 3666">
    <p class='ocr_par' dir='ltr' id='par_1_2' title="bbox 276 796 1238 1707">
     <span class='ocr_line' id='line_1_2' title="bbox 278 796 1235 880; baseline -0.003 -16"><span class='ocrx_word' id='word_1_3' title='bbox 278 799 427 864; x_wconf 79' lang='lat' dir='ltr'>Octobris</span> <span class='ocrx_word' id='word_1_4' title='bbox 442 798 588 863; x_wconf 86' lang='lat' dir='ltr'><strong>dedicata</strong></span> <span class='ocrx_word' id='word_1_5' title='bbox 602 804 651 864; x_wconf 88' lang='lat' dir='ltr'><strong>est</strong></span> <span class='ocrx_word' id='word_1_6' title='bbox 666 798 798 862; x_wconf 86' lang='lat' dir='ltr'><strong>ecclesia</strong></span> <span class='ocrx_word' id='word_1_7' title='bbox 812 798 852 862; x_wconf 88' lang='lat' dir='ltr'><strong>de</strong></span> <span class='ocrx_word' id='word_1_8' title='bbox 867 800 979 880; x_wconf 87' lang='lat' dir='ltr'><strong>Burgo</strong></span> <span class='ocrx_word' id='word_1_9' title='bbox 994 796 1097 862; x_wconf 89' lang='lat' dir='ltr'><strong>sancti</strong></span> <span class='ocrx_word' id='word_1_10' title='bbox 1111 797 1199 861; x_wconf 89' lang='lat' dir='ltr'><strong>Petri</strong></span> <span class='ocrx_word' id='word_1_11' title='bbox 1215 819 1235 861; x_wconf 88' lang='lat' dir='ltr'><strong>a</strong></span> 
     </span>
     <span class='ocr_line' id='line_1_3' title="bbox 277 900 1233 986; baseline -0.006 -18"><span class='ocrx_word' id='word_1_12' title='bbox 277 903 403 968; x_wconf 91' lang='lat' dir='ltr'><strong>duobus</strong></span> <span class='ocrx_word' id='word_1_13' title='bbox 419 902 583 986; x_wconf 88' lang='lat' dir='ltr'><strong>episcopis,</strong></span> <span class='ocrx_word' id='word_1_14' title='bbox 598 901 656 965; x_wconf 83' lang='lat' dir='ltr'><strong>viz.</strong></span> <span class='ocrx_word' id='word_1_15' title='bbox 674 923 693 966; x_wconf 91' lang='lat' dir='ltr'><strong>a</strong></span> <span class='ocrx_word' id='word_1_16' title='bbox 708 909 823 966; x_wconf 85' lang='lat' dir='ltr'><strong>sancto·</strong></span> <span class='ocrx_word' id='word_1_17' title='bbox 840 901 982 965; x_wconf 84' lang='lat' dir='ltr'><strong>Roberto</strong></span> <span class='ocrx_word' id='word_1_18' title='bbox 1003 900 1233 979; x_wconf 86' lang='lat' dir='ltr'><strong>Lincolniensi,</strong></span> 
     </span>
     <span class='ocr_line' id='line_1_4' title="bbox 277 1001 1234 1088; baseline -0.003 -19"><span class='ocrx_word' id='word_1_19' title='bbox 277 1011 310 1070; x_wconf 87' lang='lat' dir='ltr'><strong>et</strong></span> <span class='ocrx_word' id='word_1_20' title='bbox 339 1005 528 1088; x_wconf 89' lang='lat' dir='ltr'><strong>[Willelmo]</strong></span> <span class='ocrx_word' id='word_1_21' title='bbox 556 1003 740 1067; x_wconf 84' lang='lat' dir='ltr'><strong>Exoniensi.</strong></span> <span class='ocrx_word' id='word_1_22' title='bbox 787 1003 877 1068; x_wconf 85' lang='lat' dir='ltr'><strong>Obiit</strong></span> <span class='ocrx_word' id='word_1_23' title='bbox 901 1002 1051 1067; x_wconf 88' lang='lat' dir='ltr'><strong>dominus</strong></span> <span class='ocrx_word' id='word_1_24' title='bbox 1072 1001 1234 1066; x_wconf 86' lang='lat' dir='ltr'><strong>Henricus</strong></span> 
     </span>
     <span class='ocr_line' id='line_1_5' title="bbox 278 1105 1234 1191; baseline -0.004 -19"><span class='ocrx_word' id='word_1_25' title='bbox 278 1109 318 1172; x_wconf 88' lang='lat' dir='ltr'><strong>de</strong></span> <span class='ocrx_word' id='word_1_26' title='bbox 338 1107 599 1190; x_wconf 73' lang='lat' dir='ltr'><strong>longocampo,</strong></span> <span class='ocrx_word' id='word_1_27' title='bbox 622 1106 720 1171; x_wconf 88' lang='lat' dir='ltr'><strong>abbas</strong></span> <span class='ocrx_word' id='word_1_28' title='bbox 741 1106 952 1191; x_wconf 85' lang='lat' dir='ltr'><strong>Oroylandiae‚</strong></span> <span class='ocrx_word' id='word_1_29' title='bbox 974 1106 1015 1170; x_wconf 89' lang='lat' dir='ltr'><strong>ad</strong></span> <span class='ocrx_word' id='word_1_30' title='bbox 1038 1107 1129 1190; x_wconf 86' lang='lat' dir='ltr'><strong>cujus</strong></span> <span class='ocrx_word' id='word_1_31' title='bbox 1152 1105 1234 1189; x_wconf 88' lang='lat' dir='ltr'><strong>peti-</strong></span> 
     </span>
     <span class='ocr_line' id='line_1_6' title="bbox 276 1209 1233 1294; baseline -0.004 -18"><span class='ocrx_word' id='word_1_32' title='bbox 276 1213 399 1276; x_wconf 82' lang='lat' dir='ltr'><strong>tionem</strong></span> <span class='ocrx_word' id='word_1_33' title='bbox 420 1211 574 1294; x_wconf 83' lang='lat' dir='ltr'><strong>magister</strong></span> <span class='ocrx_word' id='word_1_34' title='bbox 588 1211 705 1275; x_wconf 89' lang='lat' dir='ltr'><strong>Petrus</strong></span> <span class='ocrx_word' id='word_1_35' title='bbox 720 1210 893 1287; x_wconf 88' lang='lat' dir='ltr'><strong>Blesensis,</strong></span> <span class='ocrx_word' id='word_1_36' title='bbox 909 1209 1151 1274; x_wconf 80' lang='lat' dir='ltr'><strong>archidiaconus</strong></span> <span class='ocrx_word' id='word_1_37' title='bbox 1170 1209 1233 1272; x_wconf 91' lang='lat' dir='ltr'><strong>Ba-</strong></span> 
     </span>
     <span class='ocr_line' id='line_1_7' title="bbox 277 1311 1236 1398; baseline -0.002 -19"><span class='ocrx_word' id='word_1_38' title='bbox 277 1314 455 1380; x_wconf 89' lang='lat' dir='ltr'><strong>thoniensis</strong></span> <span class='ocrx_word' id='word_1_39' title='bbox 467 1321 547 1378; x_wconf 88' lang='lat' dir='ltr'><strong>tunc</strong></span> <span class='ocrx_word' id='word_1_40' title='bbox 556 1313 846 1398; x_wconf 89' lang='lat' dir='ltr'><strong>eloquentissimus,</strong></span> <span class='ocrx_word' id='word_1_41' title='bbox 856 1314 956 1378; x_wconf 88' lang='lat' dir='ltr'><strong>vitam</strong></span> <span class='ocrx_word' id='word_1_42' title='bbox 968 1314 1072 1379; x_wconf 90' lang='lat' dir='ltr'><strong>sancti</strong></span> <span class='ocrx_word' id='word_1_43' title='bbox 1081 1311 1236 1378; x_wconf 86' lang='lat' dir='ltr'><strong>Guthlaci</strong></span> 
     </span>
     <span class='ocr_line' id='line_1_8' title="bbox 278 1416 1238 1501; baseline -0.002 -19"><span class='ocrx_word' id='word_1_44' title='bbox 278 1419 407 1484; x_wconf 88' lang='lat' dir='ltr'><strong>heroico</strong></span> <span class='ocrx_word' id='word_1_45' title='bbox 422 1419 516 1501; x_wconf 87' lang='lat' dir='ltr'><strong>stylo,</strong></span> <span class='ocrx_word' id='word_1_46' title='bbox 532 1425 565 1483; x_wconf 89' lang='lat' dir='ltr'><strong>et</strong></span> <span class='ocrx_word' id='word_1_47' title='bbox 579 1418 733 1500; x_wconf 80' lang='lat' dir='ltr'><strong>magister</strong></span> <span class='ocrx_word' id='word_1_48' title='bbox 749 1416 912 1482; x_wconf 89' lang='lat' dir='ltr'><strong>Henricus</strong></span> <span class='ocrx_word' id='word_1_49' title='bbox 926 1417 1060 1482; x_wconf 84' lang='lat' dir='ltr'><strong>metrico</strong></span> <span class='ocrx_word' id='word_1_50' title='bbox 1075 1417 1167 1501; x_wconf 85' lang='lat' dir='ltr'><strong>stylo,</strong></span> <span class='ocrx_word' id='word_1_51' title='bbox 1183 1437 1238 1480; x_wconf 88' lang='lat' dir='ltr'><strong>ve·</strong></span> 
     </span>
     <span class='ocr_line' id='line_1_9' title="bbox 281 1518 1234 1603; baseline -0.004 -17"><span class='ocrx_word' id='word_1_52' title='bbox 281 1521 466 1586; x_wconf 86' lang='lat' dir='ltr'><strong>nustissime</strong></span> <span class='ocrx_word' id='word_1_53' title='bbox 482 1520 694 1584; x_wconf 87' lang='lat' dir='ltr'><strong>dictaverunt.</strong></span> <span class='ocrx_word' id='word_1_54' title='bbox 725 1520 817 1585; x_wconf 83' lang='lat' dir='ltr'><strong>Obiit</strong></span> <span class='ocrx_word' id='word_1_55' title='bbox 834 1520 909 1603; x_wconf 88' lang='lat' dir='ltr'><strong>[iste</strong></span> <span class='ocrx_word' id='word_1_56' title='bbox 921 1520 1083 1584; x_wconf 87' lang='lat' dir='ltr'><strong>Henricus</strong></span> <span class='ocrx_word' id='word_1_57' title='bbox 1093 1518 1234 1603; x_wconf 90' lang='lat' dir='ltr'><strong>Abbas],</strong></span> 
     </span>
     <span class='ocr_line' id='line_1_10' title="bbox 284 1622 1133 1707; baseline -0.006 -17"><span class='ocrx_word' id='word_1_58' title='bbox 284 1625 337 1690; x_wconf 89' lang='lat' dir='ltr'><strong>cui</strong></span> <span class='ocrx_word' id='word_1_59' title='bbox 352 1623 504 1688; x_wconf 86' lang='lat' dir='ltr'><strong>successit</strong></span> <span class='ocrx_word' id='word_1_60' title='bbox 519 1623 687 1702; x_wconf 87' lang='lat' dir='ltr'><strong>Ricardus,</strong></span> <span class='ocrx_word' id='word_1_61' title='bbox 702 1623 884 1688; x_wconf 80' lang='lat' dir='ltr'><strong>cellerarius</strong></span> <span class='ocrx_word' id='word_1_62' title='bbox 900 1623 940 1687; x_wconf 85' lang='lat' dir='ltr'><strong>de</strong></span> <span class='ocrx_word' id='word_1_63' title='bbox 954 1622 1133 1707; x_wconf 87' lang='lat' dir='ltr'><strong>Bardency.</strong></span> 
     </span>
    </p>

    <p class='ocr_par' dir='ltr' id='par_1_3' title="bbox 278 1726 1246 3666">
     <span class='ocr_line' id='line_1_11' title="bbox 324 1726 1236 1793; baseline -0.001 -1"><span class='ocrx_word' id='word_1_64' title='bbox 324 1728 410 1793; x_wconf 86' lang='lat' dir='ltr'><strong>A.D.</strong></span> <span class='ocrx_word' id='word_1_65' title='bbox 428 1729 523 1792; x_wconf 77' lang='lat'>1238.</span> <span class='ocrx_word' id='word_1_66' title='bbox 569 1727 651 1792; x_wconf 87' lang='lat' dir='ltr'><strong>Orta</strong></span> <span class='ocrx_word' id='word_1_67' title='bbox 670 1733 718 1791; x_wconf 88' lang='lat' dir='ltr'><strong>est</strong></span> <span class='ocrx_word' id='word_1_68' title='bbox 739 1726 897 1790; x_wconf 78' lang='lat' dir='ltr'><strong>discordia</strong></span> <span class='ocrx_word' id='word_1_69' title='bbox 915 1727 1000 1790; x_wconf 89' lang='lat' dir='ltr'><strong>inter</strong></span> <span class='ocrx_word' id='word_1_70' title='bbox 1014 1726 1136 1790; x_wconf 89' lang='lat' dir='ltr'><strong>clerum</strong></span> <span class='ocrx_word' id='word_1_71' title='bbox 1151 1726 1236 1791; x_wconf 88' lang='lat' dir='ltr'><strong>Oxo-</strong></span> 
     </span>
     <span class='ocr_line' id='line_1_12' title="bbox 278 1828 1236 1913; baseline -0.003 -18"><span class='ocrx_word' id='word_1_72' title='bbox 278 1831 427 1896; x_wconf 89' lang='lat' dir='ltr'><strong>niensem</strong></span> <span class='ocrx_word' id='word_1_73' title='bbox 442 1837 474 1894; x_wconf 90' lang='lat' dir='ltr'><strong>et</strong></span> <span class='ocrx_word' id='word_1_74' title='bbox 489 1830 661 1894; x_wconf 82' lang='lat' dir='ltr'><strong>familiares</strong></span> <span class='ocrx_word' id='word_1_75' title='bbox 679 1829 780 1912; x_wconf 81' lang='lat' dir='ltr'><strong>legati</strong></span> <span class='ocrx_word' id='word_1_76' title='bbox 799 1829 921 1892; x_wconf 92' lang='lat' dir='ltr'><strong>domini</strong></span> <span class='ocrx_word' id='word_1_77' title='bbox 940 1850 1040 1913; x_wconf 83' lang='lat' dir='ltr'><strong>papae,</strong></span> <span class='ocrx_word' id='word_1_78' title='bbox 1056 1828 1142 1912; x_wconf 90' lang='lat' dir='ltr'><strong>apud</strong></span> <span class='ocrx_word' id='word_1_79' title='bbox 1157 1829 1236 1892; x_wconf 86' lang='lat' dir='ltr'><strong>Ose-</strong></span> 
     </span>
     <span class='ocr_line' id='line_1_13' title="bbox 279 1930 1236 2018; baseline -0.005 -20"><span class='ocrx_word' id='word_1_80' title='bbox 279 1956 352 2018; x_wconf 88' lang='lat' dir='ltr'><strong>ncy,</strong></span> <span class='ocrx_word' id='word_1_81' title='bbox 372 1934 425 1998; x_wconf 89' lang='lat' dir='ltr'><strong>die</strong></span> <span class='ocrx_word' id='word_1_82' title='bbox 455 1934 558 1997; x_wconf 84' lang='lat' dir='ltr'><strong>saneti</strong></span> <span class='ocrx_word' id='word_1_83' title='bbox 584 1932 717 2015; x_wconf 84' lang='lat' dir='ltr'><strong>Georgii</strong></span> <span class='ocrx_word' id='word_1_84' title='bbox 740 1933 891 2016; x_wconf 80' lang='lat' dir='ltr'><strong>martyris</strong></span> <span class='ocrx_word' id='word_1_85' title='bbox 901 1958 911 2010; x_wconf 82' lang='lat'>3</span> <span class='ocrx_word' id='word_1_86' title='bbox 935 1938 967 1996; x_wconf 91' lang='lat' dir='ltr'><strong>et</strong></span> <span class='ocrx_word' id='word_1_87' title='bbox 992 1930 1114 1996; x_wconf 88' lang='lat' dir='ltr'><strong>ibidem</strong></span> <span class='ocrx_word' id='word_1_88' title='bbox 1136 1931 1236 1994; x_wconf 89' lang='lat' dir='ltr'><strong>inter-</strong></span> 
     </span>
     <span class='ocr_line' id='line_1_14' title="bbox 278 2033 1236 2120; baseline -0.004 -18"><span class='ocrx_word' id='word_1_89' title='bbox 278 2038 382 2102; x_wconf 89' lang='lat' dir='ltr'><strong>fectus</strong></span> <span class='ocrx_word' id='word_1_90' title='bbox 397 2043 446 2100; x_wconf 92' lang='lat' dir='ltr'><strong>est</strong></span> <span class='ocrx_word' id='word_1_91' title='bbox 457 2058 578 2120; x_wconf 90' lang='lat' dir='ltr'><strong>coquus</strong></span> <span class='ocrx_word' id='word_1_92' title='bbox 588 2036 709 2118; x_wconf 83' lang='lat' dir='ltr'><strong>legati;</strong></span> <span class='ocrx_word' id='word_1_93' title='bbox 723 2056 781 2119; x_wconf 93' lang='lat' dir='ltr'><strong>pro</strong></span> <span class='ocrx_word' id='word_1_94' title='bbox 793 2036 884 2118; x_wconf 86' lang='lat' dir='ltr'><strong>cujus</strong></span> <span class='ocrx_word' id='word_1_95' title='bbox 895 2034 1118 2099; x_wconf 86' lang='lat' dir='ltr'><strong>interfectione</strong></span> <span class='ocrx_word' id='word_1_96' title='bbox 1129 2033 1236 2118; x_wconf 85' lang='lat' dir='ltr'><strong>plures</strong></span> 
     </span>
     <span class='ocr_line' id='line_1_15' title="bbox 280 2137 1235 2223; baseline -0.006 -17"><span class='ocrx_word' id='word_1_97' title='bbox 280 2141 320 2206; x_wconf 87' lang='lat' dir='ltr'><strong>de</strong></span> <span class='ocrx_word' id='word_1_98' title='bbox 345 2141 469 2205; x_wconf 88' lang='lat' dir='ltr'><strong>clericis</strong></span> <span class='ocrx_word' id='word_1_99' title='bbox 494 2146 653 2223; x_wconf 88' lang='lat' dir='ltr'><strong>praecepto</strong></span> <span class='ocrx_word' id='word_1_100' title='bbox 676 2137 800 2204; x_wconf 92' lang='lat' dir='ltr'><strong>domini</strong></span> <span class='ocrx_word' id='word_1_101' title='bbox 824 2138 909 2222; x_wconf 84' lang='lat' dir='ltr'><strong>regis</strong></span> <span class='ocrx_word' id='word_1_102' title='bbox 932 2138 1122 2202; x_wconf 88' lang='lat' dir='ltr'><strong>incarcerati</strong></span> <span class='ocrx_word' id='word_1_103' title='bbox 1148 2144 1235 2201; x_wconf 90' lang='lat' dir='ltr'><strong>sunt.</strong></span> 
     </span>
     <span class='ocr_line' id='line_1_16' title="bbox 281 2239 1237 2326; baseline -0.004 -18"><span class='ocrx_word' id='word_1_104' title='bbox 281 2242 323 2308; x_wconf 91' lang='lat' dir='ltr'><strong>In</strong></span> <span class='ocrx_word' id='word_1_105' title='bbox 341 2243 480 2307; x_wconf 86' lang='lat' dir='ltr'><strong>crastino</strong></span> <span class='ocrx_word' id='word_1_106' title='bbox 498 2242 687 2326; x_wconf 73' lang='lat' dir='ltr'><strong>Epiphaniae</strong></span> <span class='ocrx_word' id='word_1_107' title='bbox 706 2263 763 2306; x_wconf 88' lang='lat' dir='ltr'><strong>rex</strong></span> <span class='ocrx_word' id='word_1_108' title='bbox 777 2241 907 2324; x_wconf 83' lang='lat' dir='ltr'><strong>Angliae</strong></span> <span class='ocrx_word' id='word_1_109' title='bbox 926 2239 1088 2305; x_wconf 90' lang='lat' dir='ltr'><strong>Henricus</strong></span> <span class='ocrx_word' id='word_1_110' title='bbox 1107 2241 1237 2306; x_wconf 82' lang='lat' dir='ltr'><strong>Elieno-</strong></span> 
     </span>
     <span class='ocr_line' id='line_1_17' title="bbox 280 2343 1238 2427; baseline -0.003 -16"><span class='ocrx_word' id='word_1_111' title='bbox 280 2368 351 2412; x_wconf 87' lang='lat' dir='ltr'><strong>ram</strong></span> <span class='ocrx_word' id='word_1_112' title='bbox 373 2367 513 2410; x_wconf 88' lang='lat' dir='ltr'><strong>sororem</strong></span> <span class='ocrx_word' id='word_1_113' title='bbox 533 2367 635 2425; x_wconf 89' lang='lat' dir='ltr'><strong>suam,</strong></span> <span class='ocrx_word' id='word_1_114' title='bbox 656 2345 800 2410; x_wconf 88' lang='lat' dir='ltr'><strong>relictam</strong></span> <span class='ocrx_word' id='word_1_115' title='bbox 818 2345 974 2410; x_wconf 88' lang='lat' dir='ltr'><strong>Willelmi</strong></span> <span class='ocrx_word' id='word_1_116' title='bbox 991 2343 1168 2409; x_wconf 87' lang='lat' dir='ltr'><strong>Mariscalli</strong></span> <span class='ocrx_word' id='word_1_117' title='bbox 1186 2345 1238 2427; x_wconf 85' lang='lat' dir='ltr'><strong>ju-</strong></span> 
     </span>
     <span class='ocr_line' id='line_1_18' title="bbox 281 2445 1240 2532; baseline -0.003 -19"><span class='ocrx_word' id='word_1_118' title='bbox 281 2449 391 2528; x_wconf 88' lang='lat' dir='ltr'><strong>nioris,</strong></span> <span class='ocrx_word' id='word_1_119' title='bbox 407 2449 603 2513; x_wconf 87' lang='lat' dir='ltr'><strong>comitissam</strong></span> <span class='ocrx_word' id='word_1_120' title='bbox 626 2448 666 2512; x_wconf 91' lang='lat' dir='ltr'><strong>de</strong></span> <span class='ocrx_word' id='word_1_121' title='bbox 686 2448 876 2527; x_wconf 86' lang='lat' dir='ltr'><strong>Pembroke,</strong></span> <span class='ocrx_word' id='word_1_122' title='bbox 892 2469 960 2512; x_wconf 90' lang='lat' dir='ltr'><strong>non</strong></span> <span class='ocrx_word' id='word_1_123' title='bbox 979 2448 1130 2512; x_wconf 88' lang='lat' dir='ltr'><strong>obstante</strong></span> <span class='ocrx_word' id='word_1_124' title='bbox 1152 2445 1240 2532; x_wconf 92' lang='lat' dir='ltr'><strong>quod</strong></span> 
     </span>
     <span class='ocr_line' id='line_1_19' title="bbox 284 2549 1240 2631; baseline -0.002 -15"><span class='ocrx_word' id='word_1_125' title='bbox 284 2553 471 2618; x_wconf 86' lang='lat' dir='ltr'><strong>coelibatum</strong></span> <span class='ocrx_word' id='word_1_126' title='bbox 482 2557 619 2631; x_wconf 87' lang='lat' dir='ltr'><strong>voverat,</strong></span> <span class='ocrx_word' id='word_1_127' title='bbox 636 2550 725 2615; x_wconf 89' lang='lat' dir='ltr'><strong>dedit</strong></span> <span class='ocrx_word' id='word_1_128' title='bbox 739 2552 775 2616; x_wconf 92' lang='lat' dir='ltr'><strong>in</strong></span> <span class='ocrx_word' id='word_1_129' title='bbox 788 2572 920 2616; x_wconf 79' lang='lat' dir='ltr'><strong>uxorem</strong></span> <span class='ocrx_word' id='word_1_130' title='bbox 935 2549 1059 2615; x_wconf 89' lang='lat' dir='ltr'><strong>Simoni</strong></span> <span class='ocrx_word' id='word_1_131' title='bbox 1073 2550 1113 2614; x_wconf 87' lang='lat' dir='ltr'><strong>de</strong></span> <span class='ocrx_word' id='word_1_132' title='bbox 1127 2549 1240 2614; x_wconf 86' lang='lat' dir='ltr'><strong>Mont-</strong></span> 
     </span>
     <span class='ocr_line' id='line_1_20' title="bbox 283 2652 1242 2734; baseline -0.005 -14"><span class='ocrx_word' id='word_1_133' title='bbox 283 2656 359 2734; x_wconf 83' lang='lat' dir='ltr'><strong>fort,</strong></span> <span class='ocrx_word' id='word_1_134' title='bbox 375 2655 487 2720; x_wconf 89' lang='lat' dir='ltr'><strong>comiti</strong></span> <span class='ocrx_word' id='word_1_135' title='bbox 501 2654 684 2718; x_wconf 85' lang='lat' dir='ltr'><strong>Leicestriae</strong></span> <span class='ocrx_word' id='word_1_136' title='bbox 691 2679 702 2732; x_wconf 78' lang='lat'>3</span> <span class='ocrx_word' id='word_1_137' title='bbox 724 2654 812 2718; x_wconf 90' lang='lat' dir='ltr'><strong>unde</strong></span> <span class='ocrx_word' id='word_1_138' title='bbox 835 2675 940 2719; x_wconf 88' lang='lat' dir='ltr'><strong>comes</strong></span> <span class='ocrx_word' id='word_1_139' title='bbox 959 2653 1126 2731; x_wconf 87' lang='lat' dir='ltr'><strong>Ricardus,</strong></span> <span class='ocrx_word' id='word_1_140' title='bbox 1142 2652 1242 2716; x_wconf 80' lang='lat' dir='ltr'><strong>irater</strong></span> 
     </span>
     <span class='ocr_line' id='line_1_21' title="bbox 283 2754 1241 2840; baseline -0.005 -17"><span class='ocrx_word' id='word_1_141' title='bbox 283 2779 404 2836; x_wconf 89' lang='lat' dir='ltr'><strong>eorum,</strong></span> <span class='ocrx_word' id='word_1_142' title='bbox 419 2758 594 2840; x_wconf 89' lang='lat' dir='ltr'><strong>plurimum</strong></span> <span class='ocrx_word' id='word_1_143' title='bbox 614 2757 822 2840; x_wconf 62' lang='lat' dir='ltr'><strong>indignatum</strong></span> <span class='ocrx_word' id='word_1_144' title='bbox 846 2763 879 2820; x_wconf 89' lang='lat' dir='ltr'><strong>et</strong></span> <span class='ocrx_word' id='word_1_145' title='bbox 902 2762 1033 2820; x_wconf 85' lang='lat' dir='ltr'><strong>sanctus</strong></span> <span class='ocrx_word' id='word_1_146' title='bbox 1047 2754 1241 2819; x_wconf 84' lang='lat' dir='ltr'><strong>Edmundus</strong></span> 
     </span>
     <span class='ocr_line' id='line_1_22' title="bbox 285 2858 1242 2940; baseline -0.008 -13"><span class='ocrx_word' id='word_1_147' title='bbox 285 2863 526 2927; x_wconf 70' lang='lat' dir='ltr'><strong>cantuariensis</strong></span> <span class='ocrx_word' id='word_1_148' title='bbox 541 2861 742 2940; x_wconf 90' lang='lat' dir='ltr'><strong>connubium</strong></span> <span class='ocrx_word' id='word_1_149' title='bbox 755 2860 836 2924; x_wconf 91' lang='lat' dir='ltr'><strong>illud</strong></span> <span class='ocrx_word' id='word_1_150' title='bbox 850 2862 1002 2938; x_wconf 75' lang='lat' dir='ltr'><strong>damnat,</strong></span> <span class='ocrx_word' id='word_1_151' title='bbox 1021 2858 1109 2922; x_wconf 90' lang='lat' dir='ltr'><strong>unde</strong></span> <span class='ocrx_word' id='word_1_152' title='bbox 1123 2858 1242 2923; x_wconf 88' lang='lat' dir='ltr'><strong>iterum</strong></span> 
     </span>
     <span class='ocr_line' id='line_1_23' title="bbox 284 2961 1242 3048; baseline -0.009 -17"><span class='ocrx_word' id='word_1_153' title='bbox 284 2967 379 3031; x_wconf 85' lang='lat' dir='ltr'><strong>exilio</strong></span> <span class='ocrx_word' id='word_1_154' title='bbox 394 2966 534 3048; x_wconf 88' lang='lat' dir='ltr'><strong>pellitur.</strong></span> <span class='ocrx_word' id='word_1_155' title='bbox 581 2965 703 3028; x_wconf 84' lang='lat' dir='ltr'><strong>Genuit</strong></span> <span class='ocrx_word' id='word_1_156' title='bbox 719 2963 759 3027; x_wconf 91' lang='lat' dir='ltr'><strong>de</strong></span> <span class='ocrx_word' id='word_1_157' title='bbox 773 2964 829 3028; x_wconf 90' lang='lat' dir='ltr'><strong>illa</strong></span> <span class='ocrx_word' id='word_1_158' title='bbox 849 2984 954 3028; x_wconf 87' lang='lat' dir='ltr'><strong>comes</strong></span> <span class='ocrx_word' id='word_1_159' title='bbox 971 2963 1084 3026; x_wconf 87' lang='lat' dir='ltr'><strong>Simon</strong></span> <span class='ocrx_word' id='word_1_160' title='bbox 1100 2961 1242 3045; x_wconf 86' lang='lat' dir='ltr'><strong>quinque</strong></span> 
     </span>
     <span class='ocr_line' id='line_1_24' title="bbox 285 3064 1241 3147; baseline -0.008 -15"><span class='ocrx_word' id='word_1_161' title='bbox 285 3066 377 3147; x_wconf 86' lang='lat' dir='ltr'><strong>filios,</strong></span> <span class='ocrx_word' id='word_1_162' title='bbox 401 3075 434 3132; x_wconf 91' lang='lat' dir='ltr'><strong>et</strong></span> <span class='ocrx_word' id='word_1_163' title='bbox 456 3089 557 3131; x_wconf 89' lang='lat' dir='ltr'><strong>unam</strong></span> <span class='ocrx_word' id='word_1_164' title='bbox 578 3067 688 3144; x_wconf 89' lang='lat' dir='ltr'><strong>filiam,</strong></span> <span class='ocrx_word' id='word_1_165' title='bbox 710 3066 829 3130; x_wconf 85' lang='lat' dir='ltr'><strong>scilicet</strong></span> <span class='ocrx_word' id='word_1_166' title='bbox 853 3065 1044 3142; x_wconf 89' lang='lat' dir='ltr'><strong>Henrieum,</strong></span> <span class='ocrx_word' id='word_1_167' title='bbox 1067 3064 1241 3139; x_wconf 87' lang='lat' dir='ltr'><strong>Simonem,</strong></span> 
     </span>
     <span class='ocr_line' id='line_1_25' title="bbox 286 3166 1242 3249; baseline -0.008 -14"><span class='ocrx_word' id='word_1_168' title='bbox 286 3172 498 3249; x_wconf 89' lang='lat' dir='ltr'><strong>Almaricum,</strong></span> <span class='ocrx_word' id='word_1_169' title='bbox 529 3168 724 3247; x_wconf 87' lang='lat' dir='ltr'><strong>Guidonem,</strong></span> <span class='ocrx_word' id='word_1_170' title='bbox 764 3168 948 3245; x_wconf 87' lang='lat' dir='ltr'><strong>Ricardum,</strong></span> <span class='ocrx_word' id='word_1_171' title='bbox 978 3173 1012 3230; x_wconf 89' lang='lat' dir='ltr'><strong>et</strong></span> <span class='ocrx_word' id='word_1_172' title='bbox 1047 3166 1242 3230; x_wconf 82' lang='lat' dir='ltr'><strong>Elienoram.</strong></span> 
     </span>
     <span class='ocr_line' id='line_1_26' title="bbox 287 3267 1243 3351; baseline -0.012 -10"><span class='ocrx_word' id='word_1_173' title='bbox 287 3274 428 3341; x_wconf 77' lang='lat' dir='ltr'><strong>Quidam</strong></span> <span class='ocrx_word' id='word_1_174' title='bbox 450 3273 593 3351; x_wconf 88' lang='lat' dir='ltr'><strong>clericus,</strong></span> <span class='ocrx_word' id='word_1_175' title='bbox 613 3270 810 3335; x_wconf 80' lang='lat' dir='ltr'><strong>infatuatum</strong></span> <span class='ocrx_word' id='word_1_176' title='bbox 833 3291 867 3334; x_wconf 84' lang='lat' dir='ltr'><strong>se</strong></span> <span class='ocrx_word' id='word_1_177' title='bbox 889 3269 1053 3347; x_wconf 86' lang='lat' dir='ltr'><strong>simulans,</strong></span> <span class='ocrx_word' id='word_1_178' title='bbox 1066 3267 1173 3332; x_wconf 69' lang='lat' dir='ltr'><strong>&#39;donec</strong></span> <span class='ocrx_word' id='word_1_179' title='bbox 1195 3287 1243 3330; x_wconf 90' lang='lat' dir='ltr'><strong>se·</strong></span> 
     </span>
     <span class='ocr_line' id='line_1_27' title="bbox 287 3369 1243 3458; baseline -0.008 -17"><span class='ocrx_word' id='word_1_180' title='bbox 287 3383 413 3441; x_wconf 84' lang='lat' dir='ltr'><strong>cretum</strong></span> <span class='ocrx_word' id='word_1_181' title='bbox 427 3375 512 3458; x_wconf 82' lang='lat' dir='ltr'><strong>regis</strong></span> <span class='ocrx_word' id='word_1_182' title='bbox 531 3374 735 3458; x_wconf 81' lang='lat' dir='ltr'><strong>explorasset,</strong></span> <span class='ocrx_word' id='word_1_183' title='bbox 750 3380 847 3438; x_wconf 87' lang='lat' dir='ltr'><strong>nocte</strong></span> <span class='ocrx_word' id='word_1_184' title='bbox 869 3372 1007 3456; x_wconf 88' lang='lat' dir='ltr'><strong>quadam</strong></span> <span class='ocrx_word' id='word_1_185' title='bbox 1026 3370 1111 3455; x_wconf 89' lang='lat' dir='ltr'><strong>apud</strong></span> <span class='ocrx_word' id='word_1_186' title='bbox 1125 3369 1243 3434; x_wconf 85' lang='lat' dir='ltr'><strong>Wode-</strong></span> 
     </span>
     <span class='ocr_line' id='line_1_28' title="bbox 288 3473 1244 3561; baseline -0.009 -16"><span class='ocrx_word' id='word_1_187' title='bbox 288 3480 383 3545; x_wconf 85' lang='lat' dir='ltr'><strong>stoke</strong></span> <span class='ocrx_word' id='word_1_188' title='bbox 413 3479 497 3544; x_wconf 84' lang='lat' dir='ltr'><strong>clam</strong></span> <span class='ocrx_word' id='word_1_189' title='bbox 522 3479 685 3561; x_wconf 86' lang='lat' dir='ltr'><strong>ingressus</strong></span> <span class='ocrx_word' id='word_1_190' title='bbox 714 3499 772 3561; x_wconf 89' lang='lat' dir='ltr'><strong>per</strong></span> <span class='ocrx_word' id='word_1_191' title='bbox 797 3477 981 3556; x_wconf 85' lang='lat' dir='ltr'><strong>fenestram,</strong></span> <span class='ocrx_word' id='word_1_192' title='bbox 1004 3495 1116 3557; x_wconf 84' lang='lat' dir='ltr'><strong>regem</strong></span> <span class='ocrx_word' id='word_1_193' title='bbox 1144 3473 1244 3536; x_wconf 86' lang='lat' dir='ltr'><strong>inter·</strong></span> 
     </span>
     <span class='ocr_line' id='line_1_29' title="bbox 289 3575 1246 3666; baseline -0.008 -19"><span class='ocrx_word' id='word_1_194' title='bbox 289 3585 384 3650; x_wconf 85' lang='lat' dir='ltr'><strong>ficere</strong></span> <span class='ocrx_word' id='word_1_195' title='bbox 399 3583 598 3666; x_wconf 84' lang='lat' dir='ltr'><strong>disposuerat</strong></span> <span class='ocrx_word' id='word_1_196' title='bbox 606 3607 616 3660; x_wconf 88' lang='lat'>;</span> <span class='ocrx_word' id='word_1_197' title='bbox 645 3581 700 3664; x_wconf 92' lang='lat' dir='ltr'><strong>qui</strong></span> <span class='ocrx_word' id='word_1_198' title='bbox 714 3581 920 3664; x_wconf 88' lang='lat' dir='ltr'><strong>postmodum</strong></span> <span class='ocrx_word' id='word_1_199' title='bbox 939 3577 1025 3662; x_wconf 90' lang='lat' dir='ltr'><strong>apud</strong></span> <span class='ocrx_word' id='word_1_200' title='bbox 1040 3575 1246 3642; x_wconf 85' lang='lat' dir='ltr'><strong>Corentriam</strong></span> 
     </span>
    </p>
   </div>
   <div class='ocr_carea' id='block_1_3' title="bbox 273 3680 1245 4403">
    <p class='ocr_par' dir='ltr' id='par_1_4' title="bbox 285 3680 1243 4062">
     <span class='ocr_line' id='line_1_30' title="bbox 287 3680 1243 3771; baseline -0.008 -20"><span class='ocrx_word' id='word_1_201' title='bbox 287 3693 420 3771; x_wconf 75' lang='lat' dir='ltr'><strong>tractus,</strong></span> <span class='ocrx_word' id='word_1_202' title='bbox 444 3686 481 3750; x_wconf 90' lang='lat' dir='ltr'><strong>in</strong></span> <span class='ocrx_word' id='word_1_203' title='bbox 510 3693 648 3769; x_wconf 88' lang='lat' dir='ltr'><strong>quatuor</strong></span> <span class='ocrx_word' id='word_1_204' title='bbox 671 3691 777 3768; x_wconf 87' lang='lat' dir='ltr'><strong>partes</strong></span> <span class='ocrx_word' id='word_1_205' title='bbox 805 3682 1011 3748; x_wconf 87' lang='lat' dir='ltr'><strong>membratim</strong></span> <span class='ocrx_word' id='word_1_206' title='bbox 1037 3680 1155 3745; x_wconf 85' lang='lat' dir='ltr'><strong>divisus</strong></span> <span class='ocrx_word' id='word_1_207' title='bbox 1184 3686 1243 3744; x_wconf 86' lang='lat' dir='ltr'><strong>est.</strong></span> 
     </span>
     <span class='ocr_line' id='line_1_31' title="bbox 285 3783 1243 3866; baseline -0.007 -13"><span class='ocrx_word' id='word_1_208' title='bbox 285 3789 411 3854; x_wconf 82' lang='lat' dir='ltr'><strong>¹Eodem</strong></span> <span class='ocrx_word' id='word_1_209' title='bbox 427 3810 513 3853; x_wconf 89' lang='lat' dir='ltr'><strong>anno</strong></span> <span class='ocrx_word' id='word_1_210' title='bbox 529 3788 617 3853; x_wconf 88' lang='lat' dir='ltr'><strong>Otho</strong></span> <span class='ocrx_word' id='word_1_211' title='bbox 632 3788 812 3866; x_wconf 88' lang='lat' dir='ltr'><strong>cardinalis,</strong></span> <span class='ocrx_word' id='word_1_212' title='bbox 828 3787 870 3851; x_wconf 83' lang='lat' dir='ltr'><strong>ad</strong></span> <span class='ocrx_word' id='word_1_213' title='bbox 884 3785 1145 3850; x_wconf 86' lang='lat' dir='ltr'><strong>reformationem</strong></span> <span class='ocrx_word' id='word_1_214' title='bbox 1160 3783 1243 3848; x_wconf 90' lang='lat' dir='ltr'><strong>ordi-</strong></span> 
     </span>
     <span class='ocr_line' id='line_1_32' title="bbox 288 3874 1243 3972; baseline -0.006 -16"><span class='ocrx_word' id='word_1_215' title='bbox 288 3893 339 3956; x_wconf 90' lang='lat' dir='ltr'><strong>nis</strong></span> <span class='ocrx_word' id='word_1_216' title='bbox 369 3892 473 3956; x_wconf 86' lang='lat' dir='ltr'><strong>sancti</strong></span> <span class='ocrx_word' id='word_1_217' title='bbox 501 3890 682 3970; x_wconf 87' lang='lat' dir='ltr'><strong>Benedicti,</strong></span> <span class='ocrx_word' id='word_1_218' title='bbox 712 3910 824 3963; x_wconf 86' lang='lat' dir='ltr'><strong>omnes</strong></span> <span class='ocrx_word' id='word_1_219' title='bbox 854 3889 987 3954; x_wconf 86' lang='lat' dir='ltr'><strong>abbates</strong></span> <span class='ocrx_word' id='word_1_220' title='bbox 1003 3874 1098 3972; x_wconf 69' lang='lat' dir='ltr'><strong>vnigri</strong></span> <span class='ocrx_word' id='word_1_221' title='bbox 1122 3887 1243 3952; x_wconf 90' lang='lat' dir='ltr'><strong>ordinis</strong></span> 
     </span>
     <span class='ocr_line' id='line_1_33' title="bbox 288 3995 676 4062; baseline -0.01 0"><span class='ocrx_word' id='word_1_222' title='bbox 288 3995 467 4062; x_wconf 83' lang='lat' dir='ltr'><strong>Londoniae</strong></span> <span class='ocrx_word' id='word_1_223' title='bbox 481 3995 676 4060; x_wconf 86' lang='lat' dir='ltr'><strong>convocavit.</strong></span> 
     </span>
    </p>

    <p class='ocr_par' dir='ltr' id='par_1_5' title="bbox 273 4091 1245 4403">
     <span class='ocr_line' id='line_1_34' title="bbox 331 4091 1244 4178; baseline -0.01 -15"><span class='ocrx_word' id='word_1_224' title='bbox 331 4099 418 4163; x_wconf 69' lang='grc' dir='ltr'><strong>ΑΒ.</strong></span> <span class='ocrx_word' id='word_1_225' title='bbox 450 4100 546 4163; x_wconf 81' lang='lat'>1239.</span> <span class='ocrx_word' id='word_1_226' title='bbox 591 4097 698 4162; x_wconf 90' lang='lat' dir='ltr'><strong>Natus</strong></span> <span class='ocrx_word' id='word_1_227' title='bbox 725 4102 774 4161; x_wconf 89' lang='lat' dir='ltr'><strong>est</strong></span> <span class='ocrx_word' id='word_1_228' title='bbox 798 4093 984 4174; x_wconf 85' lang='lat' dir='ltr'><strong>Edwardus‚</strong></span> <span class='ocrx_word' id='word_1_229' title='bbox 1010 4091 1244 4178; x_wconf 83' lang='lat' dir='ltr'><strong>primogenitus</strong></span> 
     </span>
     <span class='ocr_line' id='line_1_35' title="bbox 289 4192 1245 4285; baseline -0.012 -18"><span class='ocrx_word' id='word_1_230' title='bbox 289 4201 374 4268; x_wconf 89' lang='lat' dir='ltr'><strong>filius</strong></span> <span class='ocrx_word' id='word_1_231' title='bbox 396 4201 531 4266; x_wconf 91' lang='lat' dir='ltr'><strong>Henrici</strong></span> <span class='ocrx_word' id='word_1_232' title='bbox 554 4200 649 4284; x_wconf 81' lang='lat' dir='ltr'><strong>regis,</strong></span> <span class='ocrx_word' id='word_1_233' title='bbox 667 4199 753 4285; x_wconf 91' lang='lat' dir='ltr'><strong>apud</strong></span> <span class='ocrx_word' id='word_1_234' title='bbox 767 4197 1102 4274; x_wconf 88' lang='lat' dir='ltr'><strong>Westmonasterium,</strong></span> <span class='ocrx_word' id='word_1_235' title='bbox 1122 4192 1245 4258; x_wconf 90' lang='lat' dir='ltr'><strong>decimo</strong></span> 
     </span>
     <span class='ocr_line' id='line_1_36' title="bbox 273 4299 1243 4403; baseline -0.011 -33"><span class='ocrx_word' id='word_1_236' title='bbox 273 4312 407 4403; x_wconf 23' lang='lat' dir='ltr'><strong>‘quarto</strong></span> <span class='ocrx_word' id='word_1_237' title='bbox 424 4304 638 4370; x_wconf 85' lang='lat' dir='ltr'><strong>kalendarum</strong></span> <span class='ocrx_word' id='word_1_238' title='bbox 662 4304 682 4367; x_wconf 92' lang='lat' dir='ltr'><strong>J</strong></span> <span class='ocrx_word' id='word_1_239' title='bbox 683 4303 751 4370; x_wconf 91' lang='lat' dir='ltr'><strong>ulii.</strong></span> <span class='ocrx_word' id='word_1_240' title='bbox 797 4302 887 4368; x_wconf 90' lang='lat' dir='ltr'><strong>Obiit</strong></span> <span class='ocrx_word' id='word_1_241' title='bbox 902 4299 1081 4366; x_wconf 88' lang='lat' dir='ltr'><strong>Pandulfus</strong></span> <span class='ocrx_word' id='word_1_242' title='bbox 1099 4299 1225 4381; x_wconf 84' lang='lat' dir='ltr'><strong>legatus</strong></span> <span class='ocrx_word' id='word_1_243' title='bbox 1234 4321 1243 4373; x_wconf 89' lang='lat'>;</span> 
     </span>
    </p>
   </div>
   <div class='ocr_carea' id='block_1_4' title="bbox 0 0 1630 5102">
    <p class='ocr_par' dir='ltr' id='par_1_6' title="bbox 0 0 1630 5102">
     <span class='ocr_line' id='line_1_37' title="bbox 0 0 1630 5102; baseline 0 0"><span class='ocrx_word' id='word_1_244' title='bbox 0 0 1630 5102; x_wconf 95' lang='lat' dir='ltr'><strong> </strong></span> 
     </span>
    </p>
   </div>
  </div>
 </body>
</html>
