3212 5102
314 567 357 629 92
613 585 809 630 cunomcou
826 587 961 646 suumn

313 708 455 766 castrum
479 701 636 766 convertit
646 727 658 779 3
680 701 767 766 unde
792 723 851 786 pro
873 702 1023 783 vindicta,
1047 709 1086 770 ut
1111 704 1263 786 creditur,

314 805 445 887 sanguis
461 804 500 868 de
515 803 647 869 claustri
661 804 837 888 parietibus
853 806 1008 872 ebullivit.

356 908 441 972 Aa).
460 910 555 972 1143.
596 907 687 971 Obiit
707 908 889 973 Celestinus
911 931 1012 993 papa3
1035 909 1088 975 cui
1111 913 1264 978 successit

314 1010 433 1075 Lucius
448 1011 496 1089 II,
508 1017 546 1074 ut
560 1011 753 1095 praedicitur.
801 1013 938 1077 Sanctus
953 1014 1149 1093 Bernardus,
1165 1015 1264 1080 abbas

314 1115 566 1195 Olarevallensis,
597 1116 701 1180 clarus
729 1116 876 1181 habetur.
934 1118 1127 1185 Godefridus
1164 1120 1264 1184 abbas

314 1220 515 1305 Oroylandiae
538 1220 637 1299 obiit;
661 1221 714 1285 cui
739 1222 890 1286 successit
913 1223 1090 1286 Edwardus
1113 1223 1200 1308 prior
1224 1225 1265 1289 de

314 1325 482 1407 Ramesey.
528 1323 617 1389 Ordo
642 1324 999 1388 Praemonstratensium
1022 1325 1112 1389 venit
1135 1325 1170 1388 in
1193 1329 1262 1390 An-

314 1427 421 1510 gliam,
438 1433 471 1491 et
489 1426 635 1490 Neusom
651 1427 691 1490 de
705 1426 768 1490 illis
782 1427 947 1491 fundatur.
993 1429 1063 1492 Rex
1080 1428 1263 1512 Stephanus

313 1531 439 1597 obsedit
453 1530 656 1594 lincolniam
664 1556 674 1609 3
698 1551 796 1614 aqua
810 1530 986 1609 obsidione,
1001 1531 1117 1596 timore
1132 1533 1262 1596 Ranulfi

313 1634 439 1699 comitis
456 1632 648 1712 Cestrensis,
663 1656 721 1698 rex
736 1634 885 1699 confusus
900 1635 1040 1700 recessit.
1075 1636 1262 1700 Conventus

314 1739 418 1822 Burgi
430 1737 492 1803 hoc
507 1759 593 1802 anno
607 1739 739 1802 intravit
753 1739 790 1802 in
803 1760 920 1802 novam
934 1739 1110 1804 ecclesiam.
1149 1740 1261 1804 Hilde-

314 1843 420 1926 gardis
435 1843 471 1905 in
485 1841 680 1906 Alemannia
693 1841 904 1925 prophetavit.

357 1946 553 2010 1111144.
592 1944 753 2009 Robertus
769 1966 875 2009 comes
892 1945 1082 2026 Gloverniae,
1102 1951 1135 2010 et
1154 1949 1262 2012 caeteri
1307 2011 1309 2014 ,

312 2051 397 2132 regis
415 2049 594 2127 adversarii,
611 2048 778 2112 castellum
798 2049 883 2132 apud
903 2049 1074 2114 Farendon
1095 2057 1262 2114 construx-

313 2160 419 2231 erunt,
435 2174 514 2236 quos
537 2173 611 2216 cum
634 2152 749 2233 grandi
771 2151 913 2216 exercitu
935 2151 974 2216 de
997 2153 1167 2218 Londonia
1186 2173 1261 2219 con'-

314 2260 446 2337 gregato
467 2276 524 2318 rex
546 2255 718 2318 adveniens
739 2255 851 2338 fugere
873 2257 1037 2340 compulit,
1061 2263 1094 2320 et
1119 2264 1260 2322 castrum

312 2358 460 2422 funditus
475 2359 598 2422 evertit.
644 2358 788 2422 'landem
805 2381 868 2443 pax
884 2359 971 2424 inter
987 2381 1096 2442 regem
1115 2366 1146 2425 et
1164 2362 1260 2425 comi-

312 2467 379 2524 tem
396 2461 598 2524 Cestrensem
620 2462 706 2525 faeta
728 2467 786 2540 est,
810 2460 866 2524 sed
887 2462 979 2525 ficta:
1002 2485 1080 2526 nam
1100 2485 1200 2547 quum
1220 2464 1261 2528 ad

313 2565 483 2629 concilium
499 2565 584 2648 apud
602 2565 844 2648 Northampton
863 2565 994 2648 pacifice
1014 2589 1033 2630 a
1052 2587 1129 2650 rege
1148 2567 1261 2633 citare-

313 2675 377 2747 tur,
393 2669 508 2753 etipse
523 2668 583 2732 sibi
597 2669 681 2732 nihil
694 2675 843 2732 metuens
859 2669 1057 2734 advenisset:
1081 2671 1188 2736 subito
1210 2693 1260 2736 ca-

312 2771 410 2856 pitur,
426 2778 459 2836 et
475 2793 641 2856 quousque
661 2778 803 2836 castrum
821 2772 999 2837 Lincolniae
1018 2774 1182 2838 redditum
1201 2782 1260 2854 est,
1386 2860 1388 2862 Ι

313 2875 466 2940 custodiae
488 2876 742 2940 commendatur.
786 2875 928 2941 Abbatia
950 2876 990 2940 de
1011 2877 1179 2942 Woburne
1200 2877 1262 2942 hoc

311 2987 456 3063 tempore
470 2979 635 3044 fundatur.
978 2980 984 2984 “

355 3083 440 3148 ΑΒ.
458 3086 553 3148 1145.
592 3083 682 3148 Obiit
698 3081 817 3148 Lucius
834 3103 917 3167 papa
925 3109 935 3161 ;
958 3084 1011 3148 cui
1026 3083 1177 3148 successit
1192 3085 1258 3148 Eu-

313 3187 426 3269 genius
440 3210 524 3272 papa
538 3189 586 3252 II.
631 3189 700 3252 Iste
717 3187 780 3251 fuit
798 3187 890 3251 albus
907 3187 1093 3266 monachus,
1109 3195 1142 3252 et
1158 3189 1262 3252 sancti

312 3291 471 3356 Bernardi
486 3315 524 3356 ex
538 3292 737 3357 vicedomino
751 3291 869 3355 Pisano
885 3291 1035 3356 alumnus
1043 3317 1053 3370 3
1075 3292 1190 3356 deinde
1206 3292 1261 3356 ab·

311 3393 369 3458 bas
395 3396 499 3460 sancti
522 3396 694 3474 Anastasii,
719 3416 756 3458 ac
785 3395 956 3459 cardinalis
984 3396 1099 3474 factus,
1128 3396 1261 3460 tandem

311 3521 395 3583 papa
409 3506 545 3564 creatus.
591 3499 702 3564 Quum
720 3499 855 3583 simplex
874 3507 950 3564 ante
969 3499 1091 3580 fuisset,
1107 3500 1260 3564 mirabili-

311 3609 362 3666 ter
386 3623 406 3666 a
431 3603 501 3666 Deo
531 3602 715 3685 eloquentia
742 3601 928 3684 insignitur,
959 3609 992 3667 et
1020 3610 1092 3687 post
1121 3610 1260 3668 mortem

313 3711 443 3770 sanetus
458 3705 521 3768 Dei
535 3705 686 3784 creditur,
702 3711 735 3770 et
753 3705 915 3770 miraculis
931 3728 1096 3771 coruscare
1112 3707 1259 3791 perhibe-

311 3817 375 3873 tur.
422 3807 573 3872 Cometes
588 3809 649 3872 hoc
664 3815 807 3892 tempore
822 3809 977 3894 apparuit.
1017 3811 1180 3875 Saffredus
1195 3811 1261 3894 epi-

311 3934 425 3996 scopus
443 3912 621 3975 cestrensis
641 3912 821 3996 deponitur.
867 3913 982 3977 Comes
1001 3911 1162 3978 R'anulfus
1181 3915 1260 3979 Lin-

311 4015 449 4081 colniam
474 4015 674 4098 aggrediens,
696 4036 846 4099 percusso
868 4016 949 4081 duce
971 4018 1022 4082 sui
1045 4019 1202 4082 exercitus
1225 4018 1260 4082 in

310 4119 430 4185 boreali
449 4126 543 4204 porta
561 4119 628 4184 viro
648 4119 831 4200 fortissime,
846 4121 957 4204 fugere
972 4143 1046 4186 cum
1061 4122 1193 4206 reliquis
1212 4128 1259 4186 est

311 4227 503 4311 compulsus.
