3212 5102
408 620 452 681 84
705 636 903 680 cuaourcou
921 637 1058 681 aucun

408 753 577 820 duodecim
597 743 859 818 monachiscum
879 753 1005 833 abbate,
1022 754 1052 818 ei
1072 751 1307 840 subjectionem
1331 753 1371 822 et‘

409 857 635 937 obedientiam,
651 845 816 922 sicutfilia
829 857 935 937 metri,
952 857 1059 922 debet.

457 961 543 1026 A.D.
572 964 666 1026 1129.
720 961 904 1024 Willelmus
927 960 1164 1026 Wintoniensis
1194 962 1362 1047 episcopus

407 1065 505 1130 obiit:
529 1065 681 1129 successit
697 1065 860 1130 Henricus
882 1064 1017 1130 Henrici
1031 1065 1117 1148 regis
1138 1086 1248 1149 nepos,
1264 1067 1365 1132 frater

409 1169 494 1252 regis
522 1168 678 1252 Stephani
705 1165 883 1231 secundum
909 1167 1074 1250 quosdam.
1120 1168 1267 1250 Rogerus
1297 1169 1364 1253 epi-

409 1293 523 1356 scopus
552 1270 734 1349 Cistrensis,
760 1293 828 1334 una
857 1292 932 1334 cum
962 1270 1107 1334 Henrico
1132 1272 1364 1351 wintoniensi,

408 1381 622 1440 consecratur.
669 1373 835 1439 Honorius
855 1395 939 1457 papa
961 1372 1061 1438 obiit:
1088 1375 1240 1439 successit
1263 1375 1364 1439 Inno-

280 1504 282 1510 ’
408 1479 544 1542 centius.
606 1477 752 1541 Schisma
788 1475 878 1540 Petri
906 1476 1025 1540 Leonis
1062 1478 1232 1561 antipapae.
1293 1479 1363 1543 Iste

408 1584 534 1662 Petrus,
549 1581 639 1646 Petri
653 1581 771 1647 Leonis
786 1581 880 1659 filius,
897 1581 1078 1659 cardinalis,
1094 1601 1114 1644 a
1127 1581 1269 1646 multum
1284 1604 1363 1666 pau-

408 1685 546 1751 cioribus
570 1692 604 1750 et
627 1705 684 1769 per
704 1683 914 1749 ambitionem
937 1685 1069 1763 electus,
1088 1690 1122 1749 et
1146 1685 1252 1749 dictus
1272 1685 1362 1750 Ana-

407 1791 519 1869 cletus,
543 1810 618 1853 cum
640 1789 736 1853 armis
760 1787 927 1853 ecclesiam
950 1787 1039 1852 beati
1065 1788 1155 1851 Petri
1177 1788 1305 1868 invasit,
1329 1795 1363 1854 et

407 1915 542 1958 aureum
570 1893 769 1972 crucifixum,
801 1891 1044 1975 pendentesque
1073 1912 1207 1956 coronas
1235 1913 1361 1976 regum,

406 2018 482 2060 cum
503 2002 573 2060 toto
595 1995 747 2060 thesauro
767 1994 838 2058 auri
852 2001 886 2059 et
901 1994 1037 2078 argenti,
1054 2001 1086 2058 et
1106 1994 1268 2080 lapidibus
1290 2017 1361 2079 pre·

405 2100 507 2178 tiosis,
523 2099 723 2183 depraedatus
739 2105 806 2177 est3
829 2099 890 2164 hoc
912 2098 999 2162 idem
1020 2099 1140 2162 faciens
1164 2098 1251 2182 apud
1270 2121 1361 2163 sanc-

406 2210 475 2268 tam
498 2203 639 2270 Mariam
662 2203 832 2286 Majorem,
852 2207 885 2266 et
909 2201 986 2266 alias
1010 2201 1099 2266 urbis
1123 2202 1282 2281 ecclesias
1305 2202 1362 2266 ubi

405 2305 549 2370 thesauri
571 2311 673 2385 amnt,
694 2305 859 2389 spoliavit;
882 2305 980 2383 unde,
1003 2305 1171 2369 conductis
1194 2305 1360 2385 Romanis,
1475 2355 1478 2360 .

406 2408 634 2475 Innocentium
656 2415 764 2492 petere
778 2407 948 2473 branciam
966 2408 1080 2492 coegit.
1125 2409 1195 2473 Isto
1215 2415 1361 2493 tempore

406 2521 536 2578 sanctus
552 2512 747 2592 Bernardus,
763 2511 861 2576 abbas
877 2512 1082 2591 Olarevalhae,
1094 2513 1198 2577 clarus
1214 2513 1362 2577 doctrina

406 2622 439 2680 et
454 2615 625 2694 miraculis,
640 2637 779 2698 magnus
802 2614 888 2698 apud
909 2637 1021 2679 omnes
1040 2614 1231 2680 habebatur.
1276 2617 1361 2680 Boa·

406 2718 548 2783 mundus
567 2718 688 2804 junior,
703 2718 852 2802 princeps
872 2717 1106 2797 Antiochenus,
1121 2718 1157 2782 in
1176 2718 1263 2783 bello
1277 2718 1360 2784 occi-

407 2822 505 2886 ditur.
540 2821 628 2886 Ordo
643 2820 864 2885 cisterciensis
877 2821 914 2883 in
925 2821 1079 2904 Angliam
1094 2821 1200 2900 venit3
1222 2821 1361 2887 fundata
1476 2859 1480 2866 ·
1583 2869 1584 2876 .

408 2924 537 2989 abbatia
553 2925 592 2988 de
607 2924 784 3002 Waverlee,
800 2923 867 2987 filia
881 2924 1112 3009 Eleemosynae.

448 3028 534 3093 A.D.
553 3029 647 3092 1130.
685 3027 830 3092 Ecclesia
845 3026 967 3100 Christi
981 3026 1223 3091 cantuariensis
1238 3049 1359 3112 magno

405 3139 562 3217 apparatu
581 3130 747 3196 dedicatur
762 3152 782 3195 a
795 3130 959 3194 Willelmo
977 3129 1223 3214 archiepiscopo,
1238 3130 1358 3215 episco-

404 3235 453 3320 pis
468 3235 615 3320 plurimis
628 3234 806 3300 cismarinis
822 3239 854 3298 et
865 3233 1088 3298 transmarinis
1100 3233 1358 3317 cooperantibus.

407 3342 507 3424 Hugo
522 3340 620 3405 abbas
636 3338 851 3422 Redingensis
873 3338 914 3402 ad
934 3336 1242 3422 archiepiscopatum
1259 3339 1359 3403 Roto-

406 3463 593 3526 magensem
622 3441 764 3525 eligitur.
819 3439 910 3505 Obiit
940 3441 1119 3505 Mauricius
1148 3441 1247 3506 abbas
1277 3443 1358 3507 Eve-

280 3589 282 3593 ·
342 3585 345 3592 ·
405 3543 601 3608 ehamensis:
625 3542 678 3606 cui
699 3542 851 3606 successit
866 3542 1066 3625 Reginaldus
1088 3545 1265 3608 monachus
1281 3546 1358 3610 Gla.

327 3639 328 3642 *
366 3729 369 3736 .
405 3647 534 3726 vorniae,
551 3651 584 3710 et
604 3645 731 3710 comitis
747 3644 949 3709 Herefordiae
963 3645 1098 3709 Milonis
1117 3667 1228 3730 nepos.
1273 3648 1359 3713 Con-

405 3747 515 3812 cilium
538 3746 679 3831 Stampis
701 3745 882 3812 celebratur
898 3767 957 3829 per
975 3767 1085 3830 regem
1102 3746 1303 3812 Ludovicum
1325 3755 1359 3814 et

405 3851 499 3934 regui
527 3849 672 3916 Fraude
700 3851 823 3916 clerum
852 3849 1057 3929 universum
1094 3849 1161 3930 ubi,
1188 3858 1359 3934 perorante

406 3961 518 4020 canoto
547 3953 713 4020 Bernardo
743 3952 932 4018 electionem
962 3953 1157 4033 Innocentii,
1182 3962 1215 4018 et
1244 3954 1360 4020 merita

212 4091 214 4096 ·
333 4116 335 4120 .
406 4060 501 4125 electi
525 4081 562 4125 ac
583 4057 662 4122 vitia
688 4057 868 4137 adversarii,
891 4077 1002 4122 omncs
1025 4057 1255 4122 Innocentium
1279 4058 1360 4124 rcci-

405 4185 491 4250 pere,
516 4171 550 4230 et
577 4162 708 4249 rejicere
738 4163 874 4226 Petrum
902 4160 1031 4241 Leonis,
1055 4160 1254 4226 unanimiter
1283 4182 1359 4228 eon-

407 4273 587 4334 senserunt.
618 4267 708 4332 Fecit
723 4286 800 4351 ergo
814 4264 1028 4330 Innocentius
1042 4265 1148 4330 virum
1161 4264 1360 4348 religiosum,
