3226 5100
349 628 391 689 16
560 683 572 698 ,
646 645 843 690 onaourcou
860 643 996 687 suumn

347 763 510 858 Lindesay
524 763 651 847 navigio
667 762 837 847 applicant,
853 762 884 825 vi
904 760 1041 844 patriam
1056 760 1298 844 depopulantes,

347 865 445 929 etiam
466 866 697 930 monasterium
717 865 756 929 de
768 863 938 947 'Bardney‚
960 862 1127 927 monacbis
1149 862 1299 926 omnibus

347 968 465 1052 absque
484 969 550 1032 ulla
568 968 786 1033 misericordia
805 967 993 1045 interfectis,
1012 965 1142 1049 ignibus
1159 965 1300 1030 tradide-

346 1083 443 1151 runt3
466 1079 792 1156 pertranseuntesque
811 1073 847 1135 in
869 1072 1039 1149 Kesteven,
1060 1070 1170 1134 omnia
1190 1077 1300 1134 conte·

346 1181 434 1255 runt,
457 1175 632 1260 perimunt,
655 1183 688 1240 et
713 1175 903 1240 incendunt.
949 1174 1072 1237 Contra
1096 1195 1175 1257 quos
1199 1195 1301 1256 quum

347 1298 453 1342 comes
478 1279 617 1361 Algasus
647 1278 752 1342 dietus
778 1277 890 1361 junior
919 1277 1082 1358 colligeret
1113 1275 1299 1355 exercitum,

347 1381 507 1445 contraxit
539 1381 720 1446 universam
748 1382 955 1466 juventutem
991 1378 1194 1465 Hoylandiae,
1229 1381 1298 1464 ipse

245 1551 246 1554 ,
348 1482 475 1567 duoque
506 1484 624 1548 milites
655 1485 821 1549 senescalli
852 1485 902 1547 sui
927 1483 1094 1548 Wibertus
1129 1490 1162 1548 et
1197 1484 1299 1548 Lebi-

348 1608 404 1652 cus
429 1588 480 1671 (de
503 1610 641 1672 quorum
662 1588 858 1666 nominibus,
882 1587 987 1651 adhuc
1011 1587 1102 1666 villis,
1126 1587 1159 1650 in
1183 1587 1299 1671 quibus

347 1698 543 1770 manserant,
573 1692 707 1755 nomina
734 1690 960 1768 retinentibus
992 1710 1084 1753 senes
1116 1696 1149 1753 et
1185 1689 1300 1753 rustici

346 1790 451 1867 relicti
486 1791 640 1856 vocabula
681 1791 847 1870 dederant,
885 1792 1005 1857 scilicet
1040 1791 1223 1868 Wiberton,
1264 1791 1300 1856 id

348 1901 407 1971 est,
436 1894 545 1957 villam
573 1895 723 1972 Wiberti,
762 1901 794 1959 et
831 1895 1006 1973 Lefricton,
1037 1895 1071 1959 id
1101 1903 1160 1974 est,
1190 1895 1299 1959 villam

347 1996 475 2074 Lefrici,
492 1997 699 2081 appellantes)
718 2020 786 2061 una
805 2019 879 2062 cum
899 1998 1030 2062 cohorte
1049 1998 1298 2084 croylandensis

345 2101 540 2178 monasterii,
556 2099 712 2178 videlicet,
729 2101 876 2164 ducentis
891 2101 1100 2165 bellatoribus
1114 2102 1298 2167 robustissi-

346 2203 419 2281 mis,
436 2224 473 2266 eo
489 2202 575 2287 quod
588 2203 728 2266 maxima
742 2225 815 2286 pars
830 2204 959 2268 illorum
978 2204 1018 2268 de
1035 2204 1178 2286 fugitivis
1193 2206 1299 2271 fuerat
1421 2277 1425 2283 ,

351 2304 478 2389 (quibus
497 2305 626 2388 praefuit
646 2305 746 2369 frater
760 2306 880 2386 Tolius,
899 2306 1076 2371 monachus
1096 2307 1195 2370 laicus
1216 2310 1299 2392 ejus-

348 2409 422 2472 dem
444 2409 640 2488 monasterii,
660 2409 753 2474 miles
773 2416 849 2473 ante
870 2431 962 2474 suam
981 2411 1221 2475 conversionem
1241 2433 1300 2496 per

347 2516 451 2574 totam
476 2511 633 2576 Merciam
659 2512 695 2575 in
721 2535 884 2576 armorum
910 2512 1059 2577 exercitio
1083 2514 1299 2579 nominatissi-

347 2636 438 2692 mus3
462 2615 518 2679 sed
533 2620 613 2679 tuno
627 2637 736 2680 amore
755 2616 892 2680 coelestis
909 2616 1030 2700 patriae,
1045 2617 1157 2681 relicto
1172 2619 1298 2697 saeculo,

349 2717 506 2800 spirituali
520 2718 644 2783 militiae
659 2719 746 2802 apud
760 2719 923 2804 Croyland
940 2721 1154 2805 mancipatus)
1172 2729 1299 2785 contra-

347 2820 447 2885 bebat
465 2822 563 2886 etiam
578 2843 688 2886 secum
706 2821 746 2887 de
767 2825 917 2908 Depyng,
933 2824 1100 2907 Langtoft,
1116 2833 1149 2889 et
1164 2825 1298 2903 Baston,

349 2925 432 2989 circa
446 2931 607 2990 trecentos
621 2926 704 2989 viros
719 2926 817 2990 fortes
833 2935 865 2991 et
881 2933 972 3011 aptos
987 2927 1028 2991 ad
1043 2926 1174 2991 bellum.
1202 2929 1298 2992 Insu-

348 3049 407 3112 per
421 3028 630 3094 Morcardum
650 3030 818 3094 dominum
836 3052 910 3095 cum
927 3030 1049 3095 familia
1066 3053 1133 3109 sua,
1150 3052 1221 3113 quae
1235 3031 1299 3094 for-

347 3131 472 3196 tissima
493 3132 556 3196 fuit
578 3139 611 3198 et
634 3153 814 3212 numerosa,
830 3140 1083 3216 occurrenteque
1100 3131 1300 3197 vicedomino

349 3235 525 3300 Lincolniae
551 3237 683 3302 nomine
709 3237 842 3320 Osgoto,
866 3244 1017 3301 veterano
1044 3256 1081 3299 ac
1106 3234 1300 3300 validissimo

348 3339 512 3421 bellatore,
525 3362 599 3406 cum
614 3362 717 3406 cuneo
732 3339 960 3419 lincolniensi,
971 3361 1107 3404 numero
1119 3338 1299 3422 quingenti,

350 3463 461 3509 omnes
481 3446 605 3510 collecti
624 3446 659 3509 in
680 3446 851 3524 Kesteven,
871 3444 1010 3509 infesto
1034 3443 1136 3508 sancti
1151 3443 1301 3506 Mamitii

348 3547 508 3631 martyris,
528 3547 647 3612 bellum
667 3568 742 3610 cum
759 3548 893 3630 paganis
915 3548 1163 3624 commiserunt3
1187 3554 1220 3611 et
1238 3548 1321 3611 lar-1

349 3647 458 3729 giente
473 3649 614 3712 Domino
628 3649 803 3727 victoriam,
820 3651 930 3713 occisis
950 3651 1054 3714 tribus
1074 3651 1204 3733 regibus
1225 3672 1300 3714 cum

349 3750 476 3832 ingenti
494 3751 702 3815 multitudine
721 3773 931 3834 paganorum,
948 3752 1123 3817 Christiani
1141 3754 1300 3818 cadentes

349 3851 501 3916 barbaros
515 3875 618 3937 usque
637 3852 677 3917 ad
695 3861 804 3936 portas
819 3855 1032 3919 tentoriorum
1048 3877 1179 3920 suorum
1194 3878 1300 3941 perse·

351 3955 533 4040 quebantur
540 3981 550 4034 3
573 3955 629 4019 ubi
644 3978 744 4040 quum
759 3958 913 4021 acerrime
927 3958 1128 4037 restiterunt,
1145 3981 1209 4022 nox
1232 3959 1299 4023 bel-

350 4059 418 4122 lum
438 4058 568 4139 dirimit,
585 4065 618 4124 et
636 4059 863 4124 invictissimus
883 4082 989 4126 comes
1010 4084 1104 4126 suum
1124 4062 1299 4126 exercitum

348 4162 515 4226 revocavit.

391 4266 561 4331 Venerunt
575 4266 611 4332 in
625 4267 694 4351 ipsa
707 4273 803 4332 noete
814 4268 850 4332 in
861 4274 966 4334 castra
976 4289 1174 4376 paganorum
1187 4287 1298 4331 omncs
