3218 5098
611 622 900 667 1111111111111.
1188 609 1229 671 1⁸7

276 740 381 810 caeteri
397 762 490 826 reges
506 741 546 806 de
560 742 673 826 patria,
689 742 745 826 qui
760 741 937 806 dividentes
952 741 1038 805 inter
1053 762 1087 806 se
1101 742 1230 825 provin-¹

275 845 362 909 ciam·
374 845 415 909 ad
430 845 677 928 depraedandum
695 851 924 928 processerant,
941 845 1070 924 scilieet,
1084 845 1227 924 Godron,

277 950 393 1032 Baseg,
417 949 567 1028 Oskitell,
592 950 765 1026 Halfdene,
785 957 818 1013 et
842 949 997 1012 Hamond
1007 975 1017 1027 3
1041 955 1074 1012 11
1091 949 1229 1013 totidem

277 1051 420 1129 comitae,
444 1052 575 1131 scilicet,
599 1053 714 1129 Frena,
734 1052 881 1134 Unguar,
904 1050 1011 1129 Ubba,
1035 1058 1068 1115 et
1091 1059 1229 1134 uterque
1282 1099 1283 1103 ,

280 1153 406 1233 Sidrok,
434 1155 540 1218 senior
565 1161 598 1218 et
624 1154 744 1239 junior,
769 1176 846 1242 cum
875 1154 941 1218 suis
967 1154 1169 1234 exercitibus,
1196 1162 1247 1220 et*

277 1257 385 1340 praeda
409 1279 530 1340 magna
558 1257 665 1337 nimis,
692 1258 927 1340 mulierumque
957 1278 994 1321 ae
1023 1258 1229 1341 parvulorum

277 1361 488 1424 multitudine
507 1361 638 1424 infinita
648 1387 658 1440 ,·
682 1383 819 1444 quorum
839 1361 980 1424 adventu
999 1361 1140 1444 cognito,
1155 1383 1236 1446 pars

277 1485 397 1547 magna
422 1465 681 1528 Christianorum
706 1465 822 1530 timore
851 1465 1032 1548 perterrita,
1059 1473 1230 1529 noctanter

279 1566 415 1650 diffugit,
432 1575 465 1632 et
479 1574 704 1632 remanserunt
724 1589 797 1632 oum
816 1567 971 1651 praedicto
987 1568 1104 1632 comite
1119 1590 1156 1633 ae
1171 1568 1230 1632 du-

277 1670 374 1735 cibus·
393 1670 458 1734 suis
479 1670 518 1735 de
543 1677 615 1734 octo
634 1670 777 1734 millibus
793 1671 935 1734 virorum
954 1670 1006 1734 vix
1027 1670 1091 1734 duo
1110 1670 1230 1750 millia3

278 1794 352 1838 cum
377 1773 493 1857 quibus
517 1795 643 1838 summo
667 1774 819 1853 diluculo,
836 1773 955 1837 auditis
975 1773 1089 1837 divinis
1110 1774 1230 1854 officiis,

279 1885 311 1943 et
336 1884 465 1962 sumpto
487 1899 576 1942 saero
598 1878 724 1957 viatico,
748 1899 860 1942 omnes
883 1878 924 1940 ad
945 1877 1148 1942 moriendum
1172 1901 1231 1962 pro

279 1982 402 2046 Christi
424 1983 497 2061 fide,
518 1983 694 2066 patriaeque
721 2005 788 2046 suae
815 1982 1001 2046 defensione
1026 1983 1230 2067 paratissimi,

278 2085 314 2149 in
329 2107 479 2168 campum
494 2092 607 2163 contra
620 2085 773 2150 barbaros
788 2092 1022 2170 processerunt.
1060 2086 1104 2151 Et
1120 2086 1231 2151 videns

217 2169 222 2186 ’
278 2180 491 2254 validissimus
514 2212 621 2255 comes
645 2212 740 2254 suum
761 2191 938 2254 exercitum
957 2189 1055 2253 nimis
1077 2189 1231 2253 imminu·

278 2298 361 2371 tum,
377 2293 492 2357 statuit
513 2293 633 2357 iterum
654 2293 789 2356 fratrem
809 2294 937 2358 'lolium
960 2313 1034 2356 curn
1054 2292 1119 2356 suis
1138 2293 1231 2375 quin·

279 2396 384 2478 gentis
409 2396 495 2476 viris,
522 2418 560 2461 eo
586 2397 673 2481 quod
699 2397 864 2461 fortissimi
889 2397 1030 2475 fuerant,
1058 2396 1093 2460 in
1120 2396 1232 2460 dextro

196 2521 199 2527 ’
278 2521 388 2579 cornu,
414 2500 581 2584 assignans
607 2501 636 2564 ei
663 2501 748 2564 alam
778 2500 876 2564 etiam
900 2499 1118 2580 fortissimam,
1142 2500 1232 2564 illus·

163 2589 179 2608 ⁹
276 2609 361 2668 trem
382 2604 519 2680 militem
538 2604 749 2668 Morcardum
770 2602 810 2669 de
829 2604 975 2682 Brunne,
992 2625 1066 2668 cum
1081 2603 1231 2669 omnibus

277 2707 332 2791 qui
352 2708 421 2792 ejus
442 2707 592 2772 vexillum
612 2707 847 2792 sequebantur:
870 2707 1031 2792 inclytum
1052 2728 1127 2772 vero
1149 2707 1230 2772 vice-

275 2809 444 2875 dominum
459 2811 636 2876 Lincolniae
648 2811 808 2894 Osgotnm
822 2832 897 2875 cum
913 2811 978 2874 suis
994 2810 1180 2894 quingentis
1194 2810 1231 2874 in

275 2933 377 2977 cornu
395 2913 525 2977 sinistro
545 2913 662 2996 posuit,
679 2913 804 2978 donans
825 2914 855 2978 ei
875 2914 959 2978 alam
980 2920 1154 2992 strenuam,
1171 2914 1231 2978 sci-

275 3016 359 3095 lieet,
381 3017 517 3080 militem
537 3017 744 3100 Hardingum
765 3017 805 3081 de
826 3017 960 3082 Rehalle
982 3038 1057 3080 cum
1079 3016 1230 3082 omnibus

278 3119 583 3200 Stanfordiensibus,
608 3143 646 3186 eo
668 3121 755 3204 quod
778 3143 890 3186 omnes
911 3122 1046 3206 juvenes
1072 3127 1174 3197 erant,
1198 3128 1231 3185 et

274 3223 411 3287 nimium
437 3224 588 3289 bellicosi.
633 3224 772 3309 Ipseque
798 3245 873 3290 11111
899 3224 964 3287 suis
990 3223 1171 3287 senescallis
1195 3223 1230 3286 in

276 3327 343 3394 acie
365 3327 472 3392 media
490 3327 687 3407 versabatur,
707 3335 846 3411 utroque
868 3347 979 3405 cornu,
1003 3347 1079 3389 cum
1100 3347 1231 3389 necesse

275 3430 382 3510 fuerit,
396 3431 564 3496 affuturus.
595 3432 683 3496 Dani
697 3453 772 3496 vero
787 3452 845 3516 pro
860 3430 947 3496 caede
963 3450 1095 3493 snorum
1110 3436 1229 3495 exeunt

276 3534 379 3617 magis
402 3534 533 3612 efferati,
559 3557 685 3600 summo
708 3556 804 3598 mane
831 3534 1021 3618 sepelientes
1046 3540 1112 3598 tres
1138 3553 1230 3618 reges

276 3659 350 3700 suos
372 3637 408 3702 in
429 3639 513 3718 villa,
537 3661 608 3722 quae
631 3645 727 3703 antea
748 3639 910 3702 Laundon
932 3637 1116 3718 vocabatur,
1139 3659 1229 3703 nuno

275 3761 350 3804 vero
365 3761 422 3823 pro
437 3742 537 3805 trium
551 3763 665 3825 regum
681 3743 848 3806 Danorum
861 3742 1035 3826 sepultura,
1047 3741 1228 3826 Threking-

275 3843 352 3907 ham
367 3851 583 3928 nuncupatur,
601 3845 722 3908 scilicet
737 3850 875 3929 quatuor
888 3867 980 3929 reges
996 3852 1028 3910 et
1043 3853 1116 3910 octo
1131 3847 1229 3914 comi.-

275 3953 343 4026 tes;
366 3968 443 4010 nam
464 3947 528 4013 duo
547 3969 649 4032 reges,
671 3955 704 4012 et
724 3955 863 4031 quatuor
882 3948 1014 4012 comites
1036 3956 1140 4013 castra
1160 3970 1228 4027 sua,

275 4058 309 4115 et
323 4052 464 4136 captivos
482 4074 555 4117 suos
575 4051 816 4118 conservabant.
862 4053 962 4118 Porro
977 4053 1151 4117 Christiani
1170 4074 1228 4136 pro

274 4155 436 4237 paucitate
462 4157 581 4220 suain
606 4141 710 4220 unum
736 4177 875 4222 cuneum
898 4155 1092 4240 conglobati,
1115 4163 1230 4222 eontra

273 4258 512 4341 sagittariorum
535 4258 693 4343 impetum
715 4258 919 4326 durissimam
941 4259 1138 4324 testudinem
1161 4229 1239 4342 alp-i

740 4381 757 4423 c
