3216 5104
398 633 460 698 162
696 650 894 694 cunourcou
913 649 1046 696 aucun

396 770 457 834 sub
473 791 568 854 poena
580 767 706 852 capitis,
722 767 815 832 exibo
830 765 1005 852 adjudicati
1020 771 1107 829 sunt.
1145 764 1242 830 Pater
1256 785 1344 828 mare

396 873 534 950 transiit,
557 871 816 935 maledictionem
843 891 935 934 suam
956 869 1023 934 filio
1045 890 1114 947 suo,
1137 868 1229 952 cujus
1251 889 1347 932 eausa

399 976 493 1042 exilio
514 975 625 1059 pulsus
648 981 707 1051 est,
728 973 880 1038 acerrime
902 973 1106 1058 imprecatus.
1150 972 1251 1036 Filius
1272 991 1346 1036 vero

398 1100 456 1164 per
470 1099 590 1163 regem,
600 1086 633 1142 et
649 1077 801 1160 Quinque
816 1077 975 1142 Portuum
990 1075 1116 1154 auxilio,
1126 1075 1162 1138 in
1173 1075 1264 1140 curia
1276 1096 1347 1158 per-

399 1183 530 1248 mansit.
575 1181 665 1247 Obiit
687 1181 836 1246 dominus
856 1182 877 1243 J
879 1181 1022 1246 ohannes
1041 1180 1082 1244 de
1100 1178 1267 1264 Daldyrbi,
1282 1179 1346 1262 epi-

401 1308 514 1371 scopus
535 1285 786 1350 Lineolniensis:
810 1283 863 1348 cui
883 1284 1034 1350 suecessit
1056 1282 1204 1348 dominus
1227 1283 1348 1348 Henri-

401 1412 458 1456 cus
473 1391 513 1455 de
528 1390 748 1472 Burghasohe‚
764 1409 804 1453 ex
818 1388 988 1453 collatione
999 1387 1125 1453 ¹domini
1139 1409 1238 1471 papae.

447 1496 646 1560 A.D.1320.
684 1494 834 1558 Obsessio
855 1492 938 1558 villae
959 1492 1107 1557 Berwick
1131 1513 1190 1575 per
1213 1491 1348 1574 Anglos,

404 1598 460 1663 sed
475 1598 598 1662 inanis:
620 1598 700 1662 item
722 1596 868 1680 spoliatio
887 1596 1104 1660 maneriorum
1123 1594 1261 1660 duorum
1275 1595 1349 1658 Dis-

403 1702 623 1787 pensariorum
646 1722 703 1784 per
725 1700 875 1765 comitem
900 1698 1108 1778 Herefordiae,
1124 1711 1158 1765 et
1180 1701 1258 1764 alios
1277 1721 1349 1784 pro·

404 1826 492 1870 ceres
506 1804 609 1888 regni,
625 1810 659 1868 et
678 1803 824 1870 barones.
868 1803 955 1867 Item
976 1802 1057 1867 obiit
1079 1802 1228 1867 dominus
1244 1803 1349 1867 Gode-

404 1909 516 1987 fiidus,
532 1908 630 1974 abbas
646 1907 748 1992 Burgi
756 1933 766 1987 3
789 1907 842 1972 eui
861 1907 1012 1972 successit
1028 1908 1175 1971 dominus
1189 1907 1296 1971 Adam
1310 1906 1351 1972 de

405 2011 565 2096 Botheby,
581 2012 629 2076 vir
643 2031 769 2095 magnae
782 2010 976 2076 innocentiae
991 2017 1023 2076 et
1039 2010 1259 2094 simplicitatis.

448 2115 534 2180 A.D.
552 2117 647 2181 1321.
674 2115 738 2180 Per
751 2115 855 2179 multa
868 2115 938 2180 loca
952 2114 1080 2198 Angliae
1093 2120 1263 2180 noctanter
1277 2114 1353 2178 viaae

406 2226 483 2283 sunt
498 2218 581 2284 acies
595 2226 727 2284 armatae
747 2219 885 2283 invicem
905 2219 1038 2283 militari
1057 2239 1145 2283 more
1163 2218 1352 2282 dimicantes

406 2320 442 2388 in
457 2341 539 2400 aera,
555 2328 588 2385 et
608 2322 748 2386 maxime
768 2343 865 2406 supra
885 2322 1052 2386 castellum
1073 2321 1199 2386 comitis
1214 2321 1353 2386 Lances·

407 2424 488 2503 tria,
512 2425 703 2507 sanguinem
725 2425 858 2488 illustris
880 2424 1016 2504 comitis,
1039 2445 1077 2490 ac
1102 2425 1237 2490 aliorum
1261 2423 1353 2488 nobi·

406 2527 497 2605 lium,
521 2528 576 2610 qui
597 2534 709 2612 postea
730 2528 878 2612 nequiter
899 2529 1018 2593 effusus
1040 2534 1098 2607 est,
1121 2527 1353 2594 effundendum

406 2630 630 2695 indubitanter
657 2632 943 2716 prognosticantes.
986 2631 1235 2717 Adjudicaverat
1266 2631 1354 2696 enim

407 2755 464 2798 rer
485 2742 639 2818 perpetuo
661 2737 788 2813 carceri,
811 2737 942 2802 oonsilio
964 2736 1253 2820 Dispensariorum,
1275 2736 1355 2800 duos

410 2839 552 2921 Rogeros
575 2838 614 2903 de
636 2836 769 2903 Mortuo
784 2840 881 2919 Mari,
896 2840 1025 2919 seilicet,
1040 2847 1166 2923 patrem
1187 2847 1219 2904 et
1240 2838 1353 2918 filium,

410 2962 489 3026 quos
509 2941 621 3007 fraude
643 2942 809 3026 cujusdam
830 2944 938 3008 fratris
959 2943 1147 3009 confessoris
1169 2943 1355 3022 eorumdem,

410 3046 445 3110 in
460 3046 605 3130 partibus
619 3046 746 3111 Walliae
765 3047 986 3113 delitescentes
1007 3048 1100 3131 cepit,
1117 3047 1357 3131 Londoniisque

410 3149 654 3215 incarcerandos
689 3171 763 3216 eum
796 3151 935 3216 maximo
968 3145 1138 3236 opprobrio
1166 3151 1355 3216 transmisit.

412 3255 554 3319 Collecto
569 3253 666 3319 etiam
681 3253 796 3337 grandi
809 3254 960 3334 exercitu,
973 3255 1188 3338 Dispensariis
1202 3255 1358 3320 eomitan-

412 3358 510 3436 tibus,
526 3357 652 3422 obsedit
670 3358 836 3422 castellum
858 3357 898 3422 de
918 3358 1031 3437 Ledes,
1047 3359 1134 3442 quod
1152 3366 1221 3425 erat
1235 3357 1359 3428 domini

414 3461 642 3526 Bartholomaei
665 3461 704 3526 de
726 3461 951 3542 Batelesmere,
970 3471 1003 3527 et
1026 3463 1109 3547 cepit
1130 3462 1220 3527 illud.
1266 3463 1359 3526 Circa

413 3585 488 3628 vero
501 3565 622 3628 festum
635 3564 864 3647 purificationis
878 3573 1037 3630 venerunt
1052 3567 1094 3630 ad
1108 3567 1258 3632 comitem
1273 3566 1359 3630 Lan·

415 3668 549 3746 castriae,
564 3689 622 3751 pro
643 3667 760 3732 auxilio
781 3691 838 3733 suo
857 3668 1006 3734 habendo
1026 3677 1138 3734 eontra
1151 3671 1235 3754 regis
1249 3677 1360 3752 tyran·

414 3769 535 3848 uidem,
553 3790 659 3834 comes
681 3770 850 3850 Hereford,
874 3793 910 3835 ao
932 3773 987 3838 alii
1007 3772 1102 3837 multi
1126 3772 1165 3837 de
1187 3772 1360 3856 majoribus

414 3872 518 3957 regni,
534 3893 669 3956 quorum
692 3874 826 3938 miseriis
845 3875 1077 3940 illustrissimus
1097 3897 1204 3941 comes
1222 3875 1360 3940 Lances-

415 3977 488 4042 triae
510 3997 702 4060 compassus,
724 3999 840 4041 manus
862 3977 903 4042 ad
925 3979 1144 4043 auxiliandum
1166 3979 1362 4063 spospondit.

417 4081 591 4163 Magnetes
617 4100 693 4164 ergo
718 4101 793 4144 cum
815 4081 869 4144 illo
891 4083 1085 4166 congregati¹
1099 4081 1242 4166 'Potbyry
1263 4083 1362 4166 petie-

417 4194 505 4263 runt,
520 4182 669 4269 regisque
684 4183 841 4248 exercitus
856 4185 943 4268 apud
957 4185 1150 4250 Warwicum
1163 4184 1290 4264 resedit,
1306 4185 1363 4250 ubi

419 4310 592 4354 concursus
606 4288 747 4372 partium
762 4288 990 4374 expectabatur
1003 4289 1139 4373 septimo
1152 4289 1225 4354 idus
1237 4290 1365 4368 Martii3
