3212 5102
381 633 444 696 118
677 644 873 691 cnuourccu
890 642 1026 687 sucurre

379 787 453 832 mus
468 785 573 830 comes
589 763 629 826 de
644 761 820 838 Warenna,
835 757 1017 852 Willelmus
1037 776 1143 820 comes
1162 756 1203 819 dc
1221 757 1333 820 Ferre-

379 870 434 948 ris,
449 867 634 932 Willelmus
655 885 761 929 comes
782 863 908 939 Sarum,
927 861 1027 924 frater
1043 859 1137 942 regis.
1183 859 1335 924 Conditio

381 971 457 1036 talis
481 975 570 1034 erat:
594 967 681 1052 quod
705 988 843 1050 regnum
866 964 995 1047 Angliae
1019 963 1059 1026 de
1085 963 1216 1027 domino
1240 985 1334 1047 papa,

381 1094 440 1158 per
465 1073 607 1137 reditum
637 1070 724 1134 mille
754 1089 935 1133 marcarum
961 1065 1130 1131 annuatim
1152 1067 1335 1150 persolven-

383 1177 473 1255 dum,
496 1179 643 1240 teneret:
666 1181 700 1238 et
722 1192 780 1236 rex
802 1170 974 1248 consentit,
995 1175 1029 1233 et
1052 1169 1197 1232 chartam
1220 1169 1336 1233 confir-

383 1279 494 1357 mavit,
516 1277 746 1359 absolutusque
771 1280 820 1338 est
844 1296 863 1336 a
884 1271 1055 1336 sententia.
1101 1273 1239 1336 Praefata
1260 1293 1336 1337 vero

383 1381 492 1447 classis
515 1380 663 1462 Anglica‚
689 1399 789 1462 quum
818 1375 934 1441 lhanci
960 1376 1001 1439 ad
1026 1375 1089 1438 alia
1116 1375 1335 1452 intenderent,

385 1485 519 1548 classem
534 1483 731 1546 Francorum
745 1478 878 1555 invadit,
894 1477 1058 1561 captisque
1076 1479 1229 1542 trecentis
1247 1478 1337 1541 navi-

384 1587 456 1663 bus,
471 1584 617 1669 pluribus
633 1583 731 1648 etiam
746 1580 930 1658 combustis,
947 1601 1021 1644 cum
1038 1579 1139 1661 gloria
1152 1580 1336 1644 redierunt:

384 1688 550 1754 residuum
572 1686 759 1768 indignatus
778 1705 833 1748 rex
853 1684 1051 1747 Francorum
1070 1682 1169 1764 gratis
1189 1682 1337 1746 combus-

386 1793 428 1856 sit
438 1817 449 1870 3
480 1791 660 1873 reversique
689 1796 766 1854 sunt
790 1788 830 1852 de
855 1787 959 1865 exilic,
986 1786 1240 1870 archiepiscopus
1266 1787 1338 1851 Ste-

385 1895 522 1979 phanus,
546 1893 728 1956 Willelmus
757 1892 922 1974 episcopus
948 1890 1192 1968 Londoniensis,
1219 1891 1337 1954 Eusta-

387 1998 478 2062 chius
515 1995 663 2072 Eliensis,
693 1993 843 2076 AEgidius
877 1992 1143 2070 Herefordiensis,
1174 1992 1339 2056 locelinus

387 2098 625 2176 Bathcniensis,
647 2098 746 2179 Hugo
766 2095 1008 2172 Lincolniensis,
1028 2095 1178 2160 monachi
1197 2096 1338 2160 Cantus-

388 2201 520 2280 rienses,
531 2219 706 2283 omnesque
721 2198 827 2262 clerici
842 2204 875 2262 et
890 2197 963 2261 laici
977 2196 1038 2261 hac
1052 2219 1149 2261 causa
1163 2198 1336 2262 exulantes.

387 2302 503 2368 Petrus
525 2301 565 2366 de
587 2299 758 2366 Wakefeld
781 2320 855 2364 cum
878 2299 944 2364 filio
967 2298 1245 2383 pseudopropheta
1268 2321 1338 2364 sus-

388 2405 584 2490 penduntur.

429 2508 514 2573 Ar).
539 2508 634 2572 1214.
672 2505 840 2572 Vacabant
866 2505 956 2570 sedes
983 2505 1191 2584 cathedrales,
1215 2506 1338 2570 Ebora-

387 2609 500 2687 censis,
531 2608 770 2687 Dunelmensis,
800 2615 833 2674 et
862 2607 991 2674 abbatia
1027 2608 1067 2673 de
1096 2609 1272 2696 Withehy:
1303 2611 1340 2674 iu

392 2711 579 2777 Cantuariae
609 2731 684 2775 vero
719 2709 892 2793 provincia,
921 2710 1122 2793 episcopatus
1151 2712 1340 2791 Castrensis,

390 2814 624 2899 Wigornensis,
669 2813 870 2892 Exonicnsis‚
918 2813 1151 2892 cicestrensis3
1204 2813 1342 2880 abbatiae

389 2920 495 2984 sancti
518 2917 693 2996 Edmuudi‚
719 2917 822 2982 sancti
843 2917 1020 2999 Augustini
1043 2917 1177 2997 Cantiae,
1201 2919 1341 3002 Beding,

388 3022 495 3087 sancti
515 3020 684 3086 Benedicti
699 3020 738 3084 de
756 3020 886 3098 Holmc,
902 3019 1004 3083 sancti
1021 3020 1159 3083 Martini
1179 3020 1219 3085 de
1238 3022 1341 3100 Bello,

392 3125 559 3207 uanesey,
581 3123 693 3205 Burgi,
716 3120 945 3198 Cirencestriae,
968 3126 1002 3184 et
1023 3121 1192 3201 Evesham,
1213 3144 1284 3208 quae
1305 3124 1342 3186 in

390 3249 491 3294 manu
509 3227 594 3311 regis
614 3232 706 3290 erant
724 3225 889 3290 universae.
936 3225 1006 3288 Rex
1019 3224 1158 3289 libenter
1172 3227 1339 3307 concessit,

391 3336 430 3394 ut
454 3328 523 3393 istis
547 3326 686 3393 ecclesiis
710 3326 898 3391 vacantibus
921 3332 1064 3408 pastores
1086 3326 1340 3410 providerentur,

390 3429 568 3496 dummodo
580 3429 756 3494 secuudum
770 3428 907 3494 formam
921 3433 954 3492 et
969 3430 1236 3496 consuetudinem
1249 3432 1344 3516 regni

391 3533 484 3599 fieret
495 3557 505 3611 ;
526 3531 581 3596 sed
602 3530 916 3596 contranitentibus
938 3529 1102 3613 episcopis,
1125 3537 1159 3595 et
1181 3533 1342 3616 querenti-

392 3634 465 3714 bus,
480 3640 518 3697 ut
537 3634 631 3716 juxta
652 3653 813 3698 canonum
835 3633 916 3698 scita
936 3633 1015 3698 talia
1035 3633 1159 3713 fierent,
1181 3655 1343 3700 remanse-

391 3743 471 3800 runt
492 3735 630 3800 viduata
650 3756 761 3798 omnes
782 3735 923 3800 ecclesiae
942 3735 1150 3801 cathedrales.
1194 3738 1345 3805 Abbatiae

392 3838 558 3904 nonnulla
577 3837 617 3902 ad
637 3838 824 3902 electionem
843 3845 1076 3920 processerunt,
1091 3847 1129 3905 ut
1143 3862 1199 3905 rex
1216 3843 1344 3907 nullum

392 3937 584 4018 intruderet,
613 3936 778 4001 neminem
811 3938 1003 4018 nominaret,
1034 3940 1090 4004 sed
1118 3945 1345 4010 tautummodo

392 4040 513 4126 regalia
537 4039 571 4104 in
596 4039 724 4123 siguum
747 4040 965 4104 consensionis
988 4041 1167 4108 conferret:
1193 4044 1345 4111 interdic-

390 4153 530 4231 tumque
549 4143 604 4225 sic,
620 4142 706 4228 quod
726 4165 780 4208 sex
800 4143 903 4223 annis,
921 4144 1025 4209 tribus
1044 4146 1220 4227 mensibus,
1235 4149 1345 4214 sexde-

391 4252 456 4316 cim
485 4248 599 4314 diebus
629 4247 810 4327 duraverat,
835 4247 1015 4312 relaxatum
1044 4254 1093 4312 est
1123 4256 1212 4314 sexto
1242 4272 1345 4316 nonas
