3218 5098
622 601 912 646 rnrnmuaonusn.
1202 588 1244 650 79

332 719 417 783 Α.]).
436 720 531 783 1118.
576 719 643 784 Piae
665 721 827 784 memoriae
851 720 1013 785 Paschalis
1039 742 1123 806 papa
1144 722 1243 787 obiit:

288 823 350 886 iste
369 823 526 887 concessit
548 845 700 906 magnam
720 823 957 907 indulgentiam
982 825 1085 890 sancti
1105 826 1243 890 Bartho-

288 925 395 988 lomaei
424 924 624 989 colcestriae:
663 925 815 990 successit
840 926 997 991 Gelasius.
1043 925 1109 992 Iste
1133 929 1168 993 in
1192 930 1244 993 via

288 1033 418 1112 patrum
445 1049 576 1091 suornm
600 1028 761 1108 incedens,
781 1051 882 1112 quum
904 1030 1112 1096 investientes
1135 1040 1168 1097 et
1193 1033 1256 1100 in»

286 1132 418 1196 vestitos
439 1131 559 1214 pariter
574 1131 751 1210 damnaret,
768 1139 801 1196 et
821 1132 1089 1216 praedecessorum
1112 1142 1241 1200 senten-

286 1235 349 1298 tias
370 1234 553 1314 ratificaret,
576 1233 737 1298 Henricus
759 1235 933 1319 imperator
953 1239 1091 1302 Romam
1112 1240 1192 1319 adit,
1208 1249 1241 1305 et

288 1339 537 1402 Braccarensem
567 1336 849 1422 archiepiscopum,
880 1340 1012 1405 nomine
1035 1342 1241 1423 Mauricium,

288 1435 502 1523 cognomento
517 1439 711 1517 Burdinum‚
726 1439 830 1506 virum
844 1441 906 1506 hoc
921 1450 1053 1526 excepto
1070 1444 1241 1510 schismate

289 1547 366 1611 satis
380 1546 416 1610 in
431 1545 554 1610 caeteris
568 1544 730 1627 insignem
747 1551 779 1610 11
794 1546 1040 1629 praedicabilem,
1057 1549 1242 1633 antipapam

288 1648 373 1728 fecit,
386 1656 419 1713 et
435 1647 629 1731 Gregorium
645 1647 831 1726 nominavit,
844 1645 1039 1732 expulsoque
1052 1649 1190 1729 Gelasio,
1206 1651 1243 1714 in

289 1751 397 1816 sedem
423 1753 569 1835 papalem
594 1751 694 1814 istum
719 1750 861 1815 intrusit.
918 1751 1065 1816 Gelasius
1090 1773 1163 1817 vero
1184 1775 1242 1838 per

287 1877 383 1920 naves
405 1855 447 1919 ad
468 1854 693 1938 Burgundiam
712 1860 832 1933 vectus,
855 1849 1052 1922 Francorum
1075 1856 1241 1920 ecclesiam

288 1959 328 2024 de
348 1960 398 2024 sui
417 1959 536 2044 injuria
557 1958 720 2022 informat.
765 1957 914 2022 Matildis
931 1958 1044 2042 regina
1058 1959 1241 2041 Anglorum

287 2062 377 2128 obiit.
423 2062 588 2127 Dissensio
602 2063 688 2126 inter
704 2061 903 2127 Ludovicum
917 2084 1029 2146 regem
1043 2063 1187 2128 11111111
1207 2070 1240 2129 11

289 2166 468 2231 Henricum
481 2187 592 2250 regem
602 2165 794 2249 Anglorum.
837 2165 1023 2230 Baldwinus
1038 2187 1095 2231 rex
1110 2167 1131 2230 J
1133 2188 1239 2231 11111-

285 2270 351 2335 lem
365 2270 446 2335 obiit
454 2295 464 2349 3
487 2270 540 2334 cui
555 2269 706 2334 successit
721 2268 906 2333 Baldwinus
922 2278 1079 2352 cognatus
1095 2271 1174 2354 ejus.

327 2374 414 2438 A.D.
431 2375 525 2438 1119.
564 2372 655 2436 Obiit
671 2394 754 2455 papa
769 2372 916 2436 Gelasius
932 2373 1018 2456 apud
1033 2373 1238 2453 Cluniacum,

285 2483 319 2541 et
340 2476 461 2541 ibidem
482 2476 674 2540 tumulatur.
722 2475 881 2539 Successit
898 2475 1006 2540 Guido
1029 2476 1238 2560 archiepisco·

283 2601 345 2664 pus
360 2579 566 2657 Viennensis,
588 2584 621 2642 et
645 2577 749 2642 dictus
770 2583 818 2642 est
838 2578 992 2642 Calixtus.
1039 2579 1104 2643 Hic
1127 2580 1237 2643 Remis
1358 2611 1360 2615 ·

285 2685 454 2749 concilium
471 2671 621 2762 celebrat,
634 2682 675 2746 ad
688 2681 773 2765 quod
787 2683 895 2766 plures
911 2682 1050 2767 episcopi
1066 2683 1105 2748 de
1116 2683 1238 2767 Anglia

286 2808 409 2870 arege
437 2785 618 2851 transmissi
646 2785 874 2850 interfuerunt.
934 2785 1106 2852 'furstinus
1141 2789 1240 2852 etiam
1271 2821 1272 2825 ¹

284 2892 404 2957 electus
434 2891 645 2956 Eboracensis
674 2891 759 2974 regis
788 2889 920 2954 licentia
948 2891 1025 2956 11111
1049 2891 1148 2971 venit,
1174 2892 1237 2956 fide

284 2995 368 3074 data,
385 2993 471 3079 quod
486 2995 526 3059 ab
544 2993 717 3079 apostolico
736 3013 804 3057 non
821 3001 1080 3074 consecraretur3
1104 2994 1160 3058 sed
1181 2995 1236 3058 illc

283 3098 357 3162 fidei
380 3099 559 3177 immemor,
585 3098 740 3161 Romanis
762 3117 820 3181 per
842 3117 978 3161 munera
999 3097 1100 3176 victis,
1125 3118 1235 3162 conse-

282 3209 390 3266 cratus
413 3209 472 3267 est.
518 3200 621 3286 Unde
640 3222 697 3265 rex
715 3199 823 3264 imore
846 3206 1035 3278 commotus,
1059 3221 1133 3263 eum
1160 3220 1235 3264 cum

283 3305 431 3370 omnibus
461 3305 527 3392 suis
557 3304 597 3368 ab
623 3303 745 3388 Anglia
774 3310 870 3368 arcet.
917 3305 1000 3368 Pace
1029 3303 1115 3366 inter
1143 3324 1235 3385 reges

282 3410 376 3488 facta,
401 3409 530 3488 scilicet,
554 3407 683 3492 Angliae
709 3414 742 3472 et
766 3406 919 3485 Franciae,
944 3405 1127 3470 Willelmus
1150 3405 1234 3469 filius

281 3508 366 3592 regis
384 3508 512 3593 Angliae
533 3507 771 3572 Normanniam
795 3505 835 3570 de
854 3525 930 3588 rege
954 3503 1098 3570 1111111
1120 3510 1234 3568 tenen-

282 3610 357 3674 dam
372 3609 487 3694 acoipit
502 3609 587 3674 dono
600 3609 701 3693 patris
716 3609 776 3689 sui,
789 3615 822 3672 et
836 3608 991 3693 praedicto
1005 3607 1074 3692 regi
1090 3607 1234 3673 Franciae

281 3735 339 3798 pro
368 3735 406 3778 ea
433 3711 616 3778 hominium
646 3734 741 3777 suum
770 3712 857 3778 facit.
902 3711 1009 3776 'Perrae
1039 3717 1148 3778 motus
1176 3732 1234 3796 per

280 3818 444 3900 Angliam.
489 3816 727 3880 Mona-sterium
746 3814 867 3880 ordinis
890 3815 1120 3895 cisterciensis,
1141 3815 1234 3880 Elee-

279 3942 415 4005 mosyna
428 3917 569 3999 nomine,
583 3919 750 3983 fundatur.

322 4024 521 4089 A.D.1120.
567 4022 624 4086 Bis
638 4021 727 4087 venit
748 4022 860 4085 lumen
883 4019 924 4085 sd
946 4021 1151 4105 sepulchrum
1167 4022 1233 4086 Do·

280 4127 369 4192 mini.
416 4126 560 4190 Henrico
586 4147 671 4209 rege,
697 4125 738 4189 ad
767 4124 896 4189 libitum
921 4124 1056 4208 patratis
1082 4123 1232 4188 omnibus

279 4238 410 4316 propter
425 4253 498 4316 quae
518 4230 601 4295 ierat
621 4229 657 4292 in
676 4227 923 4304 Normanniam,
939 4228 1008 4312 jam
1029 4227 1064 4291 in
1079 4227 1232 4310 Angliam
