3226 5100
328 594 370 656 10
666 612 864 657 cnaourcou
882 607 1017 658 aucun

326 728 436 814 Ripun
458 727 573 794 occidit
583 754 594 808 3
623 729 718 814 cujus
743 751 875 814 corpore
903 731 939 794 in
968 731 1134 795 ecclesiam
1160 731 1277 826 delato)

323 833 535 918 psallentibus
557 833 642 898 circa
662 855 738 899 eum
759 829 922 913 fratribus,
944 841 1018 918 post
1040 833 1180 898 mediam
1203 857 1279 900 noc·

324 945 393 1002 tem
406 937 496 1023 uivus
509 937 660 1002 inventus
674 945 733 1002 est.

367 1042 453 1107 A.D.
478 1045 551 1113 791.
598 1042 737 1107 Karolus
763 1041 968 1106 Pannoniam
993 1041 1071 1122 adit,
1094 1043 1217 1107 Avares
1244 1049 1278 1108 et

326 1145 468 1210 Hunnos
482 1149 597 1210 vastat.

367 1250 453 1314 A.D.
470 1251 544 1314 792.
580 1249 721 1314 Osredua
736 1270 802 1327 rex,
817 1248 1020 1333 relinquente
1035 1271 1111 1314 eum
1125 1251 1277 1329 exercitu,

325 1352 365 1417 ab
381 1352 556 1418 Ethelredo
571 1354 736 1419 occiditur.

366 1458 452 1522 A.D.
479 1460 553 1523 793.
602 1458 758 1542 Pippinus
783 1457 869 1521 filius
896 1457 1009 1521 Karoli
1031 1463 1217 1523 tonsoratur
1241 1458 1278 1528 in

323 1561 567 1639 monasterium,
583 1583 620 1626 eo
638 1561 725 1644 quod
744 1568 857 1626 contra
876 1568 1002 1677 patrem
1021 1561 1277 1646 conjurationem

322 1666 444 1744 fecerit,
461 1665 554 1730 sociis
573 1665 805 1750 conjurationis
824 1664 946 1730 occisis
991 1664 1200 1730 Ethelbertua
1220 1687 1277 1731 rex

323 1769 554 1852 Estanglorum
568 1769 804 1854 martyrizatur.

366 1874 452 1938 A.D.
469 1876 543 1939 794.
577 1871 717 1938 Haeresis
732 1872 894 1938 Feliciana
909 1871 1091 1937 damnatur.
1122 1873 1277 1937 Faatrada

322 1975 486 2055 destructa,
503 1977 643 2040 Karolus
658 1975 881 2057 Luthgardam
895 1975 995 2040 ducit.

366 2080 452 2142 A.D.
480 2080 554 2144 795.
597 2077 761 2141 Adrianus
784 2099 867 2161 papa
890 2078 989 2143 obiit:
1021 2078 1174 2144 successit
1197 2079 1275 2159 Le0‚

322 2183 384 2246 iste
399 2187 469 2246 erat
482 2180 703 2246 sanctissimus
722 2202 759 2245 ao
777 2181 1058 2266 eloquentissimus
1076 2182 1275 2266 praedicator.

321 2286 399 2350 offa
418 2307 475 2349 rex
496 2285 696 2350 Marciorum
717 2283 817 2350 obiit:
845 2286 998 2350 successit
1024 2287 1196 2367 Kenulfus,
1219 2308 1276 2352 rex

317 2389 526 2474 justissimus.

365 2494 451 2556 A.D.
471 2494 545 2558 796.
587 2493 757 2557 Romani'
748 2515 784 2556 ιιι
805 2493 868 2558 Iret
854 2493 944 2558 tania
964 2493 1080 2578 majori
1095 2537 1207 2560 .....
1222 2516 1274 2560 ca-

322 2596 461 2713 piunto
443 2596 598 2661 eterutis
620 2597 720 2660 oculis
741 2597 916 2680 linguaque
934 2597 1073 2662 abscissa
1091 2598 1273 2678 recludunt,

323 2700 380 2784 qui
401 2707 496 2764 nocte
478 2721 572 2783 eper
591 2722 722 2763 murum
742 2701 889 2778 evadena,
911 2701 1068 2766 Karolum
1089 2703 1165 2782 adit,
1184 2723 1273 2766 eum-

321 2825 386 2887 que
399 2803 436 2868 in
449 2805 675 2887 imperatorem
690 2805 911 2869 Romanorum
925 2804 1066 2888 inungit.

365 2907 450 2971 A.D.
468 2909 542 2974 797.
572 2907 683 2971 Litera
698 2907 897 2972 dominicalis
911 2909 953 2972 A.

365 3014 451 3078 A.D.
468 3015 542 3079 798.
582 3011 702 3076 Civitas
719 3012 897 3076 Londoniae
914 3013 1085 3096 repentino
1102 3012 1177 3096 igne
1200 3034 1275 3078 cum

321 3117 426 3181 multa
439 3115 609 3180 hominum
624 3120 730 3196 strage
746 3122 936 3198 consumpta
951 3121 1008 3179 est.

365 3221 451 3285 A..D
477 3222 551 3286 799.
590 3218 715 3282 Brorda
743 3217 890 3302 princeps
920 3219 1128 3298 Marciorum,
1158 3220 1272 3304 quiet

323 3323 488 3408 Hildegila
503 3321 628 3388 dicebat
614 3329 678 3402 t‚ur
693 3320 783 3387 obiit.

364 3431 406 3494 A.
408 3430 450 3494 D.
466 3431 540 3493 800.
580 3428 720 3492 Karolus
739 3432 854 3546 quarta
871 3427 939 3492 vice
954 3427 1092 3492 Romam
1111 3373 1272 3492 adituum

321 3532 431 3597 Leone
461 3531 571 3615 [papa]
599 3532 683 3595 mult
669 3537 766 3615 taque
790 3532 826 3595 in
851 3532 939 3596 curia
963 3532 1032 3616 eJ'us
1054 3537 1088 3596 et
1110 3532 1274 3616 republica

322 3634 464 3698 stabilita
484 3633 628 3717 [papam]
648 3633 733 3696 clare
746 3632 957 3696 videntemet
943 3634 1067 3716 tplane
1086 3634 1273 3717 loquentem
1396 3710 1398 3714 Ι

320 3737 390 3802 sedi
410 3757 476 3800 suae
494 3735 647 3814 restituit,
662 3733 770 3817 ibique
787 3735 933 3798 hiemans
954 3757 973 3798 a
991 3736 1109 3820 populo
1125 3738 1273 3803 Romano

320 3841 356 3904 in
371 3839 472 3904 natali
487 3836 620 3902 Domini
634 3838 803 3918 Augustus
818 3837 1024 3902 acclamatur.

363 3943 449 4007 A.D.
477 3943 553 4005 801.
601 3940 765 4005 Defuncto
792 3939 952 4005 Brithrioo
980 3941 1017 4006 in
1039 3942 1273 4009 Westsaxoniae

319 4068 458 4132 regnum
473 4043 624 4110 successit
638 4043 810 4127 Egbertus.

363 4151 449 4215 A.D.
469 4151 544 4214 802.
587 4148 777 4214 Kenwulfua
795 4169 887 4232 papae
902 4148 1020 4214 Leonis
1038 4149 1171 4214 concilio
1185 4149 1272 4213 Ade-

319 4255 409 4320 lardo
435 4253 670 4338 archiepiscopo
696 4252 934 4318 Dorobemensi
963 4261 1090 4334 cuncta,
1116 4274 1188 4337 quae
1216 4273 1273 4317 rex
