3226 5100
343 615 387 680 30
638 637 837 681 cunouroou
855 638 990 681 suumn

384 757 469 821 An.
486 760 560 822 aar.
592 757 666 821 ooo
681 757 936 842 archiepiscopus
952 759 1052 824 obus:
1074 757 1204 842 augum
1226 743 1293 824 urf-

342 861 407 924 sius
423 861 590 945 episcopus
605 861 852 925 Wintoniensia

383 964 469 1028 Α.Ι).
494 967 569 1030 958.
614 965 725 1030 Quum
748 965 869 1029 Elisius
893 966 1014 1030 electus
1038 965 1293 1032 Dorobemensis

341 1089 440 1152 penes
456 1070 595 1134 Romam
608 1089 667 1152 pro
681 1069 779 1152 pallio
793 1077 951 1153 pergeret,
967 1070 1003 1134 in
1017 1071 1157 1155 Alpibus
1175 1072 1294 1155 frigore

340 1172 446 1256 periit.
494 1173 632 1237 Sanctus
655 1173 846 1236 Dunstonus
868 1173 909 1237 ab
932 1174 1026 1238 exilio
1047 1196 1105 1258 per
1126 1175 1295 1259 Edgarum

341 1282 518 1341 revocatur.

384 1379 470 1444 Α.Ι).
493 1382 568 1443 959.
604 1378 737 1443 Edwius
762 1401 819 1443 rex
842 1378 940 1444 obiit:
968 1381 1122 1445 successit
1144 1381 1293 1464 Edgarus

341 1483 441 1549 frater
455 1483 492 1547 in
505 1484 670 1566 integrum
685 1504 833 1566 regnum.
871 1484 1071 1548 Brithelmus
1086 1485 1292 1550 Wintonien·

341 1587 384 1651 sis
404 1587 571 1671 episcopus
591 1594 624 1651 et
645 1587 766 1652 electus
787 1587 1043 1652 Dorobemensis
1063 1589 1238 1672 repellitur,
1259 1596 1293 1656 et

340 1691 532 1756 Dunstanus
548 1690 802 1775 archiepiscopus
817 1698 1031 1756 consecratur.

383 1795 468 1859 Α.Ι).
493 1795 567 1858 960.
607 1795 746 1858 Sanctus
770 1794 961 1859 Dunstanus
987 1795 1122 1878 pallium
1145 1817 1165 1860 a
1188 1796 1293 1860 Roma

340 1896 491 1963 obtinuit.
539 1899 678 1962 Sanctus
702 1897 870 1962 Oswaldus
893 1897 934 1962 ad
955 1898 1217 1978 Wigorniensem
1240 1920 1291 1963 ca-

339 2001 489 2066 thedram
498 2008 674 2084 ¹promotus
690 2007 749 2064 est.
787 2001 915 2066 Lessius
930 2002 1146 2084 Legerensem
1161 2009 1194 2066 et
1209 2005 1291 2068 Dor·

340 2111 537 2172 castrensem
552 2103 714 2168 dioecesim
730 2104 907 2188 conjunxit.
1271 2161 1276 2168 .

383 2207 468 2271 Α.Ι).
484 2208 559 2270 961.
592 2207 731 2270 Sanctus
745 2208 967 2272 Athelwoldus
982 2209 1087 2274 factus
1105 2216 1154 2273 est
1172 2210 1290 2293 episco-

339 2330 401 2396 pus
423 2310 677 2374 Wintoniensio:
704 2311 757 2374 hic
780 2311 911 2376 clericos
933 2334 953 2375 a
974 2313 1075 2377 veteri
1096 2315 1292 2378 monasterio

340 2414 471 2498 expulit,
489 2420 521 2478 ct
536 2414 710 2482 monachos
724 2415 902 2479 Wiutoniae
916 2415 1115 2480 introduxit:
1137 2417 1200 2496 hic,
1216 2439 1291 2501 rege

339 2518 469 2601 Edgaro
499 2517 680 2601 adjuvante,
706 2518 812 2581 multa
840 2519 1049 2583 monasteria·
1064 2541 1122 2602 per
1151 2541 1292 2603 paganos

341 2622 514 2700 destructa,
530 2629 568 2685 ut
587 2623 764 2705 Burgenae,
785 2620 949 2701 Hehense,
969 2623 1224 2706 Abingdonense
1242 2606 1307 2688 ress

340 2725 505 2804 stauravit,
521 2724 671 2809 'Phorney
686 2724 726 2788 de
741 2747 824 2788 novo
844 2733 878 2790 et
897 2726 960 2790 aha
979 2727 1084 2790 multa
1101 2729 1290 2804 construxit.

341 2828 506 2892 Joharmes
529 2849 613 2912 papa
637 2827 831 2911 deponitur:
863 2830 1016 2893 successit
1040 2830 1236 2894 Benedictus
1259 2831 1313 2891 V‘

339 2933 393 2997 cui
414 2938 487 3015 post
508 2931 588 2996 duos
610 2952 736 2995 menses
761 2933 828 2997 Leo
850 2933 951 2997 VIII.
998 2931 1063 2997 Hic
1085 2933 1291 2998 investituras

339 3035 544 3100 ecclesiarum
559 3035 804 3118 imperatoribus
820 3035 1030 3100 confirmavit.

382 3138 467 3203 Α.Ι).
492 3140 567 3204 962.
613 3139 681 3202 Leo
705 3160 789 3223 papa
815 3138 915 3203 obiit:
946 3137 1097 3203 successit
1124 3138 1291 3204 Iohannes

375 3347 460 3428 Α.Ι).
477 3347 551 3411 963.
575 3346 663 3410 Otho
677 3345 800 3429 primus
814 3342 849 3406 in
863 3341 1090 3426 imperatorem
1105 3343 1288 3409 aJohanne

336 3473 419 3536 papa
433 3451 613 3534 inungitur.

377 3555 462 3620 Α.Ι).
479 3556 553 3619 964.
578 3555 648 3617 Rex
671 3553 819 3636 Edgarus
842 3550 934 3615 duxit
956 3571 1088 3615 uxorem
1112 3551 1289 3616 Botrildam

335 3657 435 3722 filiam
450 3656 577 3738 Orgari.

377 3761 462 3824 Α.Ι).
478 3759 553 3823 965.
598 3756 844 3840 Parthenopolis
859 3755 1068 3821 construitur.

379 3862 464 3928 Α.Ι).
480 3862 555 3925 966.
601 3859 701 3943 Hugo
716 3858 841 3943 Capeth
855 3880 912 3922 rex
927 3859 1134 3923 Francorum.

379 3966 464 4032 Α.Ι).
481 3964 555 4029 968.
601 3964 691 4028 Otho
707 3963 791 4027 filius
807 3962 948 4026 Othonis
968 3963 1080 4027 Romae
1100 3985 1119 4026 a
1139 3963 1290 4026 Johauuc

335 4091 419 4155 papa
433 4091 508 4134 cum
522 4073 614 4152 patre
630 4089 688 4132 suo
702 4067 738 4131 in
752 4066 978 4150 imperatorem
994 4072 1175 4130 coronatur.

377 4174 463 4240 A.D.
479 4173 554 4238 969.
585 4172 656 4236 Rex
670 4171 818 4255 Edgarus
832 4170 984 4254 praecepit
1000 4170 1119 4234 sanctis
1134 4169 1289 4253 episcopis

337 4279 510 4343 Dunstano
540 4275 791 4356 Dorobemensi,
822 4273 970 4338 Osualdo
999 4272 1228 4356 Wigorniensi,
1255 4278 1289 4336 ct
