<?xml version="1.0" encoding="UTF-8"?>
<!DOCTYPE html PUBLIC "-//W3C//DTD XHTML 1.0 Transitional//EN"
    "http://www.w3.org/TR/xhtml1/DTD/xhtml1-transitional.dtd">
<html xmlns="http://www.w3.org/1999/xhtml" xml:lang="en" lang="en">
 <head>
  <title>
</title>
<meta http-equiv="Content-Type" content="text/html;charset=utf-8" />
  <meta name='ocr-system' content='tesseract 3.04.00' />
  <meta name='ocr-capabilities' content='ocr_page ocr_carea ocr_par ocr_line ocrx_word'/>
</head>
<body>
  <div class='ocr_page' id='page_1' title='image "./chroniconanglia00chrogoog_0092.png"; bbox 0 0 3226 5100; ppageno 0'>
   <div class='ocr_carea' id='block_1_1' title="bbox 373 659 1024 721">
    <p class='ocr_par' dir='ltr' id='par_1_1' title="bbox 373 659 1024 721">
     <span class='ocr_line' id='line_1_1' title="bbox 373 659 1024 721; baseline -0.011 -1"><span class='ocrx_word' id='word_1_1' title='bbox 373 659 415 721; x_wconf 82' lang='lat'><strong>70</strong></span> <span class='ocrx_word' id='word_1_2' title='bbox 670 671 870 716; x_wconf 75' lang='lat' dir='ltr'><strong>canonicos</strong></span> <span class='ocrx_word' id='word_1_3' title='bbox 888 671 1024 714; x_wconf 72' lang='lat' dir='ltr'><strong>aucun</strong></span> 
     </span>
    </p>
   </div>
   <div class='ocr_carea' id='block_1_2' title="bbox 370 787 1328 1696">
    <p class='ocr_par' dir='ltr' id='par_1_2' title="bbox 370 787 1328 1696">
     <span class='ocr_line' id='line_1_2' title="bbox 370 787 1326 874; baseline -0.004 -20"><span class='ocrx_word' id='word_1_4' title='bbox 370 813 449 870; x_wconf 92' lang='lat' dir='ltr'><strong>rem,</strong></span> <span class='ocrx_word' id='word_1_5' title='bbox 465 790 644 854; x_wconf 87' lang='lat' dir='ltr'><strong>Ranulfum</strong></span> <span class='ocrx_word' id='word_1_6' title='bbox 667 789 851 874; x_wconf 90' lang='lat' dir='ltr'><strong>episcopum</strong></span> <span class='ocrx_word' id='word_1_7' title='bbox 867 789 1132 866; x_wconf 89' lang='lat' dir='ltr'><strong>Dunelmensem,</strong></span> <span class='ocrx_word' id='word_1_8' title='bbox 1147 787 1183 850; x_wconf 94' lang='lat' dir='ltr'><strong>in</strong></span> <span class='ocrx_word' id='word_1_9' title='bbox 1198 787 1326 850; x_wconf 82' lang='lat' dir='ltr'><strong>vincula</strong></span> 
     </span>
     <span class='ocr_line' id='line_1_3' title="bbox 372 891 1328 976; baseline -0.003 -21"><span class='ocrx_word' id='word_1_10' title='bbox 372 891 527 976; x_wconf 80' lang='lat' dir='ltr'><strong>conjecit3</strong></span> <span class='ocrx_word' id='word_1_11' title='bbox 551 912 609 974; x_wconf 93' lang='lat' dir='ltr'><strong>pro</strong></span> <span class='ocrx_word' id='word_1_12' title='bbox 631 897 742 955; x_wconf 91' lang='lat' dir='ltr'><strong>sancto</strong></span> <span class='ocrx_word' id='word_1_13' title='bbox 763 891 920 955; x_wconf 87' lang='lat' dir='ltr'><strong>Anselmo</strong></span> <span class='ocrx_word' id='word_1_14' title='bbox 943 893 1168 955; x_wconf 85' lang='lat' dir='ltr'><strong>transmittens</strong></span> <span class='ocrx_word' id='word_1_15' title='bbox 1187 891 1328 953; x_wconf 82' lang='lat' dir='ltr'>velocem</span> 
     </span>
     <span class='ocr_line' id='line_1_4' title="bbox 372 993 1328 1072; baseline -0.003 -14"><span class='ocrx_word' id='word_1_16' title='bbox 372 993 538 1072; x_wconf 87' lang='lat' dir='ltr'><strong>nuncium,</strong></span> <span class='ocrx_word' id='word_1_17' title='bbox 554 993 595 1057; x_wconf 86' lang='lat' dir='ltr'><strong>ad</strong></span> <span class='ocrx_word' id='word_1_18' title='bbox 611 994 838 1058; x_wconf 87' lang='lat' dir='ltr'><strong>revocandum.</strong></span> <span class='ocrx_word' id='word_1_19' title='bbox 883 995 1059 1058; x_wconf 85' lang='lat' dir='ltr'><strong>Anselmus</strong></span> <span class='ocrx_word' id='word_1_20' title='bbox 1074 1015 1149 1057; x_wconf 91' lang='lat' dir='ltr'><strong>vero</strong></span> <span class='ocrx_word' id='word_1_21' title='bbox 1171 1013 1328 1072; x_wconf 84' lang='lat' dir='ltr'><strong>reversus,</strong></span> 
     </span>
     <span class='ocr_line' id='line_1_5' title="bbox 372 1096 1327 1180; baseline -0.001 -20"><span class='ocrx_word' id='word_1_22' title='bbox 372 1097 554 1175; x_wconf 89' lang='lat' dir='ltr'><strong>Matildem,</strong></span> <span class='ocrx_word' id='word_1_23' title='bbox 571 1097 671 1160; x_wconf 88' lang='lat' dir='ltr'><strong>filiam</strong></span> <span class='ocrx_word' id='word_1_24' title='bbox 686 1096 853 1160; x_wconf 91' lang='lat' dir='ltr'><strong>Malcolmi</strong></span> <span class='ocrx_word' id='word_1_25' title='bbox 867 1097 953 1180; x_wconf 85' lang='lat' dir='ltr'><strong>regis</strong></span> <span class='ocrx_word' id='word_1_26' title='bbox 969 1096 1142 1161; x_wconf 81' lang='lat' dir='ltr'><strong>Scotorum</strong></span> <span class='ocrx_word' id='word_1_27' title='bbox 1157 1103 1190 1160; x_wconf 88' lang='lat' dir='ltr'><strong>et</strong></span> <span class='ocrx_word' id='word_1_28' title='bbox 1208 1101 1327 1160; x_wconf 84' lang='lat' dir='ltr'><strong>sanctae</strong></span> 
     </span>
     <span class='ocr_line' id='line_1_6' title="bbox 371 1199 1326 1283; baseline -0.001 -19"><span class='ocrx_word' id='word_1_29' title='bbox 371 1201 568 1283; x_wconf 86' lang='lat' dir='ltr'><strong>Margaretae</strong></span> <span class='ocrx_word' id='word_1_30' title='bbox 591 1201 697 1283; x_wconf 87' lang='lat' dir='ltr'><strong>neptis</strong></span> <span class='ocrx_word' id='word_1_31' title='bbox 728 1201 895 1264; x_wconf 84' lang='lat' dir='ltr'><strong>Edmundi</strong></span> <span class='ocrx_word' id='word_1_32' title='bbox 919 1201 1067 1265; x_wconf 87' lang='lat' dir='ltr'><strong>Ironside</strong></span> <span class='ocrx_word' id='word_1_33' title='bbox 1093 1199 1179 1283; x_wconf 86' lang='lat' dir='ltr'><strong>regis</strong></span> <span class='ocrx_word' id='word_1_34' title='bbox 1203 1199 1326 1283; x_wconf 85' lang='lat' dir='ltr'><strong>Anglo-</strong></span> 
     </span>
     <span class='ocr_line' id='line_1_7' title="bbox 370 1301 1327 1386; baseline -0.002 -20"><span class='ocrx_word' id='word_1_35' title='bbox 370 1325 454 1382; x_wconf 87' lang='lat' dir='ltr'><strong>rum,</strong></span> <span class='ocrx_word' id='word_1_36' title='bbox 479 1325 576 1386; x_wconf 88' lang='lat' dir='ltr'><strong>quam</strong></span> <span class='ocrx_word' id='word_1_37' title='bbox 602 1303 736 1366; x_wconf 85' lang='lat' dir='ltr'><strong>duxerat</strong></span> <span class='ocrx_word' id='word_1_38' title='bbox 758 1304 794 1366; x_wconf 91' lang='lat' dir='ltr'><strong>in</strong></span> <span class='ocrx_word' id='word_1_39' title='bbox 821 1324 962 1381; x_wconf 83' lang='lat' dir='ltr'><strong>uxorem,</strong></span> <span class='ocrx_word' id='word_1_40' title='bbox 987 1303 1039 1366; x_wconf 92' lang='lat' dir='ltr'><strong>die</strong></span> <span class='ocrx_word' id='word_1_41' title='bbox 1062 1303 1166 1366; x_wconf 87' lang='lat' dir='ltr'><strong>sancti</strong></span> <span class='ocrx_word' id='word_1_42' title='bbox 1187 1301 1327 1366; x_wconf 87' lang='lat' dir='ltr'><strong>Martini</strong></span> 
     </span>
     <span class='ocr_line' id='line_1_8' title="bbox 371 1405 1325 1490; baseline -0.002 -20"><span class='ocrx_word' id='word_1_43' title='bbox 371 1405 510 1490; x_wconf 86' lang='lat' dir='ltr'>episcopi</span> <span class='ocrx_word' id='word_1_44' title='bbox 524 1406 686 1470; x_wconf 83' lang='lat' dir='ltr'><strong>coronavit</strong></span> <span class='ocrx_word' id='word_1_45' title='bbox 701 1407 737 1469; x_wconf 93' lang='lat' dir='ltr'><strong>in</strong></span> <span class='ocrx_word' id='word_1_46' title='bbox 750 1407 907 1490; x_wconf 82' lang='lat' dir='ltr'><strong>reginam.</strong></span> <span class='ocrx_word' id='word_1_47' title='bbox 954 1406 1045 1470; x_wconf 86' lang='lat' dir='ltr'>Obiit</span> <span class='ocrx_word' id='word_1_48' title='bbox 1060 1406 1200 1470; x_wconf 81' lang='lat' dir='ltr'><strong>Thomas</strong></span> <span class='ocrx_word' id='word_1_49' title='bbox 1222 1405 1325 1469; x_wconf 92' lang='lat' dir='ltr'><strong>archi-</strong></span> 
     </span>
     <span class='ocr_line' id='line_1_9' title="bbox 371 1507 1325 1594; baseline -0.003 -21"><span class='ocrx_word' id='word_1_50' title='bbox 371 1510 536 1594; x_wconf 85' lang='lat' dir='ltr'><strong>episcopus</strong></span> <span class='ocrx_word' id='word_1_51' title='bbox 550 1509 782 1574; x_wconf 84' lang='lat' dir='ltr'><strong>Eboracensis:</strong></span> <span class='ocrx_word' id='word_1_52' title='bbox 810 1510 963 1573; x_wconf 85' lang='lat' dir='ltr'><strong>successit</strong></span> <span class='ocrx_word' id='word_1_53' title='bbox 980 1508 1139 1572; x_wconf 85' lang='lat' dir='ltr'><strong>Geraldus</strong></span> <span class='ocrx_word' id='word_1_54' title='bbox 1153 1507 1325 1592; x_wconf 79' lang='lat' dir='ltr'><strong>Herfordi-</strong></span> 
     </span>
     <span class='ocr_line' id='line_1_10' title="bbox 372 1609 1281 1696; baseline -0.007 -18"><span class='ocrx_word' id='word_1_55' title='bbox 372 1613 457 1678; x_wconf 90' lang='lat' dir='ltr'><strong>ensis</strong></span> <span class='ocrx_word' id='word_1_56' title='bbox 472 1611 648 1696; x_wconf 87' lang='lat' dir='ltr'><strong>episcopus.</strong></span> <span class='ocrx_word' id='word_1_57' title='bbox 693 1613 744 1676; x_wconf 89' lang='lat' dir='ltr'><strong>De</strong></span> <span class='ocrx_word' id='word_1_58' title='bbox 758 1611 854 1676; x_wconf 85' lang='lat' dir='ltr'><strong>laude</strong></span> <span class='ocrx_word' id='word_1_59' title='bbox 868 1611 1027 1675; x_wconf 91' lang='lat' dir='ltr'><strong>Willelmi</strong></span> <span class='ocrx_word' id='word_1_60' title='bbox 1042 1611 1123 1674; x_wconf 83' lang='lat' dir='ltr'><strong>dixit</strong></span> <span class='ocrx_word' id='word_1_61' title='bbox 1139 1609 1281 1693; x_wconf 85' lang='lat' dir='ltr'><strong>quidam,</strong></span> 
     </span>
    </p>
   </div>
   <div class='ocr_carea' id='block_1_3' title="bbox 415 1762 1272 1847">
    <p class='ocr_par' dir='ltr' id='par_1_3' title="bbox 415 1762 1272 1847">
     <span class='ocr_line' id='line_1_11' title="bbox 415 1762 1272 1847; baseline -0.004 -18"><span class='ocrx_word' id='word_1_62' title='bbox 415 1766 502 1830; x_wconf 84' lang='lat' dir='ltr'><strong>Laus</strong></span> <span class='ocrx_word' id='word_1_63' title='bbox 516 1765 621 1830; x_wconf 88' lang='lat' dir='ltr'><strong>brevis</strong></span> <span class='ocrx_word' id='word_1_64' title='bbox 636 1771 695 1844; x_wconf 88' lang='lat' dir='ltr'><strong>est,</strong></span> <span class='ocrx_word' id='word_1_65' title='bbox 711 1763 738 1828; x_wconf 92' lang='lat' dir='ltr'><strong>si</strong></span> <span class='ocrx_word' id='word_1_66' title='bbox 753 1786 817 1847; x_wconf 90' lang='lat' dir='ltr'><strong>qua</strong></span> <span class='ocrx_word' id='word_1_67' title='bbox 831 1764 983 1828; x_wconf 88' lang='lat' dir='ltr'><strong>successit</strong></span> <span class='ocrx_word' id='word_1_68' title='bbox 997 1769 1070 1847; x_wconf 90' lang='lat' dir='ltr'><strong>post</strong></span> <span class='ocrx_word' id='word_1_69' title='bbox 1085 1769 1135 1826; x_wconf 88' lang='lat' dir='ltr'><strong>tot</strong></span> <span class='ocrx_word' id='word_1_70' title='bbox 1150 1762 1272 1846; x_wconf 87' lang='lat' dir='ltr'><strong>iniqua.</strong></span> 
     </span>
    </p>
   </div>
   <div class='ocr_carea' id='block_1_4' title="bbox 356 1914 1386 4371">
    <p class='ocr_par' dir='ltr' id='par_1_4' title="bbox 358 1914 1386 4144">
     <span class='ocr_line' id='line_1_12' title="bbox 415 1914 1322 1999; baseline -0.006 -17"><span class='ocrx_word' id='word_1_71' title='bbox 415 1918 501 1983; x_wconf 81' lang='lat' dir='ltr'><strong>AJ).</strong></span> <span class='ocrx_word' id='word_1_72' title='bbox 519 1921 613 1982; x_wconf 87' lang='lat'>1101.</span> <span class='ocrx_word' id='word_1_73' title='bbox 638 1916 797 1981; x_wconf 85' lang='lat' dir='ltr'><strong>Ranulfus</strong></span> <span class='ocrx_word' id='word_1_74' title='bbox 818 1916 933 1995; x_wconf 89' lang='lat' dir='ltr'><strong>dictus,</strong></span> <span class='ocrx_word' id='word_1_75' title='bbox 949 1915 1114 1999; x_wconf 87' lang='lat' dir='ltr'><strong>episcopus</strong></span> <span class='ocrx_word' id='word_1_76' title='bbox 1130 1914 1322 1994; x_wconf 86' lang='lat' dir='ltr'><strong>Dunelmiae,</strong></span> 
     </span>
     <span class='ocr_line' id='line_1_13' title="bbox 372 2017 1322 2102; baseline -0.004 -17"><span class='ocrx_word' id='word_1_77' title='bbox 372 2021 412 2085; x_wconf 90' lang='lat' dir='ltr'><strong>de</strong></span> <span class='ocrx_word' id='word_1_78' title='bbox 441 2020 587 2085; x_wconf 87' lang='lat' dir='ltr'><strong>custodia</strong></span> <span class='ocrx_word' id='word_1_79' title='bbox 622 2020 740 2102; x_wconf 84' lang='lat' dir='ltr'><strong>lapsus,</strong></span> <span class='ocrx_word' id='word_1_80' title='bbox 769 2018 1072 2101; x_wconf 88' lang='lat' dir='ltr'><strong>Normanniamque</strong></span> <span class='ocrx_word' id='word_1_81' title='bbox 1105 2017 1226 2096; x_wconf 86' lang='lat' dir='ltr'><strong>adiens,</strong></span> <span class='ocrx_word' id='word_1_82' title='bbox 1258 2019 1322 2081; x_wconf 89' lang='lat' dir='ltr'><strong>Ro-</strong></span> 
     </span>
     <span class='ocr_line' id='line_1_14' title="bbox 369 2120 1322 2204; baseline -0.003 -18"><span class='ocrx_word' id='word_1_83' title='bbox 369 2123 499 2186; x_wconf 88' lang='lat' dir='ltr'><strong>bertum</strong></span> <span class='ocrx_word' id='word_1_84' title='bbox 522 2121 672 2185; x_wconf 91' lang='lat' dir='ltr'><strong>comitem</strong></span> <span class='ocrx_word' id='word_1_85' title='bbox 695 2121 736 2184; x_wconf 91' lang='lat' dir='ltr'><strong>ad</strong></span> <span class='ocrx_word' id='word_1_86' title='bbox 753 2120 971 2184; x_wconf 89' lang='lat' dir='ltr'><strong>invadendum</strong></span> <span class='ocrx_word' id='word_1_87' title='bbox 986 2121 1082 2184; x_wconf 86' lang='lat' dir='ltr'><strong>armis</strong></span> <span class='ocrx_word' id='word_1_88' title='bbox 1097 2120 1251 2204; x_wconf 84' lang='lat' dir='ltr'><strong>Angham</strong></span> <span class='ocrx_word' id='word_1_89' title='bbox 1272 2120 1322 2183; x_wconf 92' lang='lat' dir='ltr'><strong>in-</strong></span> 
     </span>
     <span class='ocr_line' id='line_1_15' title="bbox 370 2223 1321 2306; baseline -0.002 -18"><span class='ocrx_word' id='word_1_90' title='bbox 370 2225 497 2289; x_wconf 84' lang='lat' dir='ltr'><strong>citavit:</strong></span> <span class='ocrx_word' id='word_1_91' title='bbox 521 2230 614 2287; x_wconf 88' lang='lat' dir='ltr'><strong>erant</strong></span> <span class='ocrx_word' id='word_1_92' title='bbox 637 2230 669 2286; x_wconf 92' lang='lat' dir='ltr'><strong>et</strong></span> <span class='ocrx_word' id='word_1_93' title='bbox 690 2223 744 2286; x_wconf 87' lang='lat' dir='ltr'><strong>alii</strong></span> <span class='ocrx_word' id='word_1_94' title='bbox 765 2224 906 2306; x_wconf 88' lang='lat' dir='ltr'><strong>plurimi,</strong></span> <span class='ocrx_word' id='word_1_95' title='bbox 926 2223 982 2306; x_wconf 92' lang='lat' dir='ltr'><strong>qui</strong></span> <span class='ocrx_word' id='word_1_96' title='bbox 1004 2223 1045 2286; x_wconf 86' lang='lat' dir='ltr'><strong>ad</strong></span> <span class='ocrx_word' id='word_1_97' title='bbox 1066 2224 1154 2287; x_wconf 91' lang='lat' dir='ltr'><strong>idem</strong></span> <span class='ocrx_word' id='word_1_98' title='bbox 1176 2223 1321 2287; x_wconf 80' lang='lat' dir='ltr'><strong>stimula·</strong></span> 
     </span>
     <span class='ocr_line' id='line_1_16' title="bbox 368 2326 1321 2410; baseline -0.002 -19"><span class='ocrx_word' id='word_1_99' title='bbox 368 2328 459 2391; x_wconf 91' lang='lat' dir='ltr'><strong>bant.</strong></span> <span class='ocrx_word' id='word_1_100' title='bbox 519 2327 661 2390; x_wconf 87' lang='lat' dir='ltr'><strong>Collecto</strong></span> <span class='ocrx_word' id='word_1_101' title='bbox 697 2347 774 2409; x_wconf 84' lang='lat' dir='ltr'><strong>ergo</strong></span> <span class='ocrx_word' id='word_1_102' title='bbox 811 2327 963 2405; x_wconf 85' lang='lat' dir='ltr'><strong>exercitu,</strong></span> <span class='ocrx_word' id='word_1_103' title='bbox 993 2327 1149 2410; x_wconf 84' lang='lat' dir='ltr'><strong>Angliam</strong></span> <span class='ocrx_word' id='word_1_104' title='bbox 1178 2326 1321 2404; x_wconf 88' lang='lat' dir='ltr'><strong>veniens,</strong></span> 
     </span>
     <span class='ocr_line' id='line_1_17' title="bbox 369 2430 1321 2514; baseline -0.002 -20"><span class='ocrx_word' id='word_1_105' title='bbox 369 2451 507 2513; x_wconf 81' lang='lat' dir='ltr'><strong>regnum</strong></span> <span class='ocrx_word' id='word_1_106' title='bbox 521 2430 632 2514; x_wconf 87' lang='lat' dir='ltr'><strong>petiit:</strong></span> <span class='ocrx_word' id='word_1_107' title='bbox 648 2450 704 2493; x_wconf 85' lang='lat' dir='ltr'><strong>rex</strong></span> <span class='ocrx_word' id='word_1_108' title='bbox 719 2436 829 2493; x_wconf 89' lang='lat' dir='ltr'><strong>autem</strong></span> <span class='ocrx_word' id='word_1_109' title='bbox 843 2431 1065 2513; x_wconf 85' lang='lat' dir='ltr'><strong>praemunitus,</strong></span> <span class='ocrx_word' id='word_1_110' title='bbox 1080 2437 1192 2514; x_wconf 89' lang='lat' dir='ltr'><strong>portus</strong></span> <span class='ocrx_word' id='word_1_111' title='bbox 1208 2450 1321 2493; x_wconf 90' lang='lat' dir='ltr'><strong>omnes</strong></span> 
     </span>
     <span class='ocr_line' id='line_1_18' title="bbox 369 2535 1321 2619; baseline -0.001 -19"><span class='ocrx_word' id='word_1_112' title='bbox 369 2542 513 2618; x_wconf 87' lang='lat' dir='ltr'><strong>occupat,</strong></span> <span class='ocrx_word' id='word_1_113' title='bbox 529 2535 734 2618; x_wconf 83' lang='lat' dir='ltr'><strong>exercituque</strong></span> <span class='ocrx_word' id='word_1_114' title='bbox 755 2535 868 2618; x_wconf 86' lang='lat' dir='ltr'><strong>grandi</strong></span> <span class='ocrx_word' id='word_1_115' title='bbox 890 2543 1095 2619; x_wconf 85' lang='lat' dir='ltr'><strong>congregato,</strong></span> <span class='ocrx_word' id='word_1_116' title='bbox 1116 2541 1172 2599; x_wconf 87' lang='lat' dir='ltr'><strong>aut</strong></span> <span class='ocrx_word' id='word_1_117' title='bbox 1193 2535 1321 2599; x_wconf 90' lang='lat' dir='ltr'><strong>vincere</strong></span> 
     </span>
     <span class='ocr_line' id='line_1_19' title="bbox 367 2638 1318 2722; baseline -0.002 -20"><span class='ocrx_word' id='word_1_118' title='bbox 367 2645 423 2702; x_wconf 90' lang='lat' dir='ltr'><strong>aut</strong></span> <span class='ocrx_word' id='word_1_119' title='bbox 438 2638 626 2702; x_wconf 90' lang='lat' dir='ltr'><strong>occumbere</strong></span> <span class='ocrx_word' id='word_1_120' title='bbox 640 2644 743 2721; x_wconf 89' lang='lat' dir='ltr'><strong>parat.</strong></span> <span class='ocrx_word' id='word_1_121' title='bbox 788 2638 933 2701; x_wconf 76' lang='lat' dir='ltr'><strong>Tandem</strong></span> <span class='ocrx_word' id='word_1_122' title='bbox 952 2659 1015 2722; x_wconf 83' lang='lat' dir='ltr'><strong>pax</strong></span> <span class='ocrx_word' id='word_1_123' title='bbox 1033 2638 1092 2702; x_wconf 88' lang='lat' dir='ltr'><strong>tali</strong></span> <span class='ocrx_word' id='word_1_124' title='bbox 1109 2645 1204 2722; x_wconf 87' lang='lat' dir='ltr'><strong>pacto</strong></span> <span class='ocrx_word' id='word_1_125' title='bbox 1218 2638 1318 2702; x_wconf 85' lang='lat' dir='ltr'><strong>reior-</strong></span> 
     </span>
     <span class='ocr_line' id='line_1_20' title="bbox 366 2741 1320 2825; baseline 0 -20"><span class='ocrx_word' id='word_1_126' title='bbox 366 2748 484 2819; x_wconf 89' lang='lat' dir='ltr'><strong>matur,</strong></span> <span class='ocrx_word' id='word_1_127' title='bbox 501 2741 586 2825; x_wconf 91' lang='lat' dir='ltr'><strong>quod</strong></span> <span class='ocrx_word' id='word_1_128' title='bbox 600 2763 657 2804; x_wconf 87' lang='lat' dir='ltr'><strong>rex</strong></span> <span class='ocrx_word' id='word_1_129' title='bbox 672 2741 783 2805; x_wconf 90' lang='lat' dir='ltr'><strong>comiti</strong></span> <span class='ocrx_word' id='word_1_130' title='bbox 796 2741 860 2804; x_wconf 91' lang='lat' dir='ltr'><strong>tria</strong></span> <span class='ocrx_word' id='word_1_131' title='bbox 874 2741 975 2805; x_wconf 87' lang='lat' dir='ltr'><strong>millia</strong></span> <span class='ocrx_word' id='word_1_132' title='bbox 989 2762 1169 2805; x_wconf 87' lang='lat' dir='ltr'><strong>marcarum</strong></span> <span class='ocrx_word' id='word_1_133' title='bbox 1184 2742 1320 2805; x_wconf 85' lang='lat' dir='ltr'><strong>solveret</strong></span> 
     </span>
     <span class='ocr_line' id='line_1_21' title="bbox 367 2843 1318 2928; baseline 0.001 -20"><span class='ocrx_word' id='word_1_134' title='bbox 367 2845 535 2908; x_wconf 89' lang='lat' dir='ltr'><strong>annuatim</strong></span> <span class='ocrx_word' id='word_1_135' title='bbox 548 2870 554 2908; x_wconf 94' lang='lat'><strong>:</strong></span> <span class='ocrx_word' id='word_1_136' title='bbox 579 2865 642 2928; x_wconf 89' lang='lat' dir='ltr'><strong>qua</strong></span> <span class='ocrx_word' id='word_1_137' title='bbox 656 2843 870 2909; x_wconf 80' lang='lat' dir='ltr'><strong>conventione</strong></span> <span class='ocrx_word' id='word_1_138' title='bbox 884 2843 980 2923; x_wconf 83' lang='lat' dir='ltr'><strong>facta,</strong></span> <span class='ocrx_word' id='word_1_139' title='bbox 995 2851 1133 2928; x_wconf 89' lang='lat' dir='ltr'><strong>uterque</strong></span> <span class='ocrx_word' id='word_1_140' title='bbox 1155 2844 1195 2908; x_wconf 87' lang='lat' dir='ltr'><strong>ab</strong></span> <span class='ocrx_word' id='word_1_141' title='bbox 1216 2845 1318 2909; x_wconf 87' lang='lat' dir='ltr'><strong>altero</strong></span> 
     </span>
     <span class='ocr_line' id='line_1_22' title="bbox 366 2947 1319 3030; baseline 0.001 -20"><span class='ocrx_word' id='word_1_142' title='bbox 366 2947 403 3010; x_wconf 88' lang='lat' dir='ltr'><strong>in</strong></span> <span class='ocrx_word' id='word_1_143' title='bbox 431 2968 509 3030; x_wconf 89' lang='lat' dir='ltr'><strong>pace</strong></span> <span class='ocrx_word' id='word_1_144' title='bbox 538 2947 687 3011; x_wconf 84' lang='lat' dir='ltr'><strong>recessit:</strong></span> <span class='ocrx_word' id='word_1_145' title='bbox 725 2947 809 3011; x_wconf 91' lang='lat' dir='ltr'><strong>hanc</strong></span> <span class='ocrx_word' id='word_1_146' title='bbox 843 2967 1003 3010; x_wconf 87' lang='lat' dir='ltr'><strong>summam</strong></span> <span class='ocrx_word' id='word_1_147' title='bbox 1034 2947 1203 3029; x_wconf 88' lang='lat' dir='ltr'><strong>posteriori</strong></span> <span class='ocrx_word' id='word_1_148' title='bbox 1232 2969 1319 3011; x_wconf 90' lang='lat' dir='ltr'><strong>anno</strong></span> 
     </span>
     <span class='ocr_line' id='line_1_23' title="bbox 364 3050 1318 3134; baseline 0 -19"><span class='ocrx_word' id='word_1_149' title='bbox 364 3050 526 3116; x_wconf 85' lang='lat' dir='ltr'><strong>voluntati</strong></span> <span class='ocrx_word' id='word_1_150' title='bbox 550 3051 680 3133; x_wconf 85' lang='lat' dir='ltr'><strong>reginae,</strong></span> <span class='ocrx_word' id='word_1_151' title='bbox 706 3051 800 3114; x_wconf 86' lang='lat' dir='ltr'><strong>laetus</strong></span> <span class='ocrx_word' id='word_1_152' title='bbox 822 3050 908 3133; x_wconf 90' lang='lat' dir='ltr'><strong>quod</strong></span> <span class='ocrx_word' id='word_1_153' title='bbox 929 3051 1019 3114; x_wconf 87' lang='lat' dir='ltr'><strong>illam</strong></span> <span class='ocrx_word' id='word_1_154' title='bbox 1041 3057 1175 3134; x_wconf 88' lang='lat' dir='ltr'><strong>peteret,</strong></span> <span class='ocrx_word' id='word_1_155' title='bbox 1201 3051 1318 3115; x_wconf 89' lang='lat' dir='ltr'><strong>condo-</strong></span> 
     </span>
     <span class='ocr_line' id='line_1_24' title="bbox 365 3151 1316 3238; baseline -0.001 -20"><span class='ocrx_word' id='word_1_156' title='bbox 365 3155 463 3219; x_wconf 87' lang='lat' dir='ltr'><strong>navit.</strong></span> <span class='ocrx_word' id='word_1_157' title='bbox 501 3154 598 3237; x_wconf 89' lang='lat' dir='ltr'><strong>Apud</strong></span> <span class='ocrx_word' id='word_1_158' title='bbox 614 3155 635 3218; x_wconf 89' lang='lat' dir='ltr'><strong>J</strong></span> <span class='ocrx_word' id='word_1_159' title='bbox 637 3154 850 3238; x_wconf 84' lang='lat' dir='ltr'><strong>erusolymam</strong></span> <span class='ocrx_word' id='word_1_160' title='bbox 866 3159 996 3217; x_wconf 77' lang='lat' dir='ltr'><strong>sanctus</strong></span> <span class='ocrx_word' id='word_1_161' title='bbox 1011 3151 1106 3235; x_wconf 86' lang='lat' dir='ltr'><strong>ignis,</strong></span> <span class='ocrx_word' id='word_1_162' title='bbox 1123 3152 1178 3235; x_wconf 90' lang='lat' dir='ltr'><strong>qui</strong></span> <span class='ocrx_word' id='word_1_163' title='bbox 1193 3153 1316 3217; x_wconf 88' lang='lat' dir='ltr'><strong>solebat</strong></span> 
     </span>
     <span class='ocr_line' id='line_1_25' title="bbox 364 3255 1316 3343; baseline -0.001 -22"><span class='ocrx_word' id='word_1_164' title='bbox 364 3258 399 3323; x_wconf 88' lang='lat' dir='ltr'><strong>in</strong></span> <span class='ocrx_word' id='word_1_165' title='bbox 413 3258 523 3343; x_wconf 83' lang='lat' dir='ltr'><strong>vigilia</strong></span> <span class='ocrx_word' id='word_1_166' title='bbox 538 3258 668 3322; x_wconf 87' lang='lat' dir='ltr'><strong>Paschae</strong></span> <span class='ocrx_word' id='word_1_167' title='bbox 689 3258 775 3322; x_wconf 88' lang='lat' dir='ltr'><strong>ultro</strong></span> <span class='ocrx_word' id='word_1_168' title='bbox 797 3258 979 3341; x_wconf 89' lang='lat' dir='ltr'><strong>sepulcrum</strong></span> <span class='ocrx_word' id='word_1_169' title='bbox 995 3255 1128 3320; x_wconf 88' lang='lat' dir='ltr'><strong>Domini</strong></span> <span class='ocrx_word' id='word_1_170' title='bbox 1144 3255 1316 3334; x_wconf 88' lang='lat' dir='ltr'><strong>illustrare,</strong></span> 
     </span>
     <span class='ocr_line' id='line_1_26' title="bbox 363 3357 1386 3442; baseline -0.002 -20"><span class='ocrx_word' id='word_1_171' title='bbox 363 3359 502 3422; x_wconf 88' lang='lat' dir='ltr'><strong>tardavit</strong></span> <span class='ocrx_word' id='word_1_172' title='bbox 517 3359 589 3442; x_wconf 89' lang='lat' dir='ltr'><strong>plus</strong></span> <span class='ocrx_word' id='word_1_173' title='bbox 605 3358 708 3437; x_wconf 89' lang='lat' dir='ltr'><strong>solito,</strong></span> <span class='ocrx_word' id='word_1_174' title='bbox 720 3365 758 3422; x_wconf 94' lang='lat' dir='ltr'><strong>ut</strong></span> <span class='ocrx_word' id='word_1_175' title='bbox 773 3358 907 3422; x_wconf 90' lang='lat' dir='ltr'><strong>tandem</strong></span> <span class='ocrx_word' id='word_1_176' title='bbox 919 3357 1060 3421; x_wconf 91' lang='lat' dir='ltr'><strong>diluculo</strong></span> <span class='ocrx_word' id='word_1_177' title='bbox 1071 3357 1183 3421; x_wconf 90' lang='lat' dir='ltr'><strong>multis</strong></span> <span class='ocrx_word' id='word_1_178' title='bbox 1193 3357 1316 3421; x_wconf 84' lang='lat' dir='ltr'><strong>litaniis</strong></span> <span class='ocrx_word' id='word_1_179' title='bbox 1385 3357 1386 3360; x_wconf 65' lang='grc'>’</span> 
     </span>
     <span class='ocr_line' id='line_1_27' title="bbox 361 3463 1316 3546; baseline 0 -19"><span class='ocrx_word' id='word_1_180' title='bbox 361 3464 516 3546; x_wconf 87' lang='lat' dir='ltr'><strong>repetitis,</strong></span> <span class='ocrx_word' id='word_1_181' title='bbox 547 3463 746 3528; x_wconf 82' lang='lat' dir='ltr'><strong>Christianos</strong></span> <span class='ocrx_word' id='word_1_182' title='bbox 776 3463 971 3528; x_wconf 89' lang='lat' dir='ltr'><strong>descendens</strong></span> <span class='ocrx_word' id='word_1_183' title='bbox 1000 3463 1185 3527; x_wconf 86' lang='lat' dir='ltr'><strong>laetificaret.</strong></span> <span class='ocrx_word' id='word_1_184' title='bbox 1241 3463 1316 3529; x_wconf 80' lang='lat' dir='ltr'><strong>Quo</strong></span> 
     </span>
     <span class='ocr_line' id='line_1_28' title="bbox 361 3566 1315 3650; baseline 0.001 -21"><span class='ocrx_word' id='word_1_185' title='bbox 361 3573 506 3650; x_wconf 90' lang='lat' dir='ltr'><strong>tempore</strong></span> <span class='ocrx_word' id='word_1_186' title='bbox 521 3567 621 3631; x_wconf 89' lang='lat' dir='ltr'><strong>stolus</strong></span> <span class='ocrx_word' id='word_1_187' title='bbox 636 3567 767 3630; x_wconf 89' lang='lat' dir='ltr'><strong>navium</strong></span> <span class='ocrx_word' id='word_1_188' title='bbox 783 3567 804 3630; x_wconf 87' lang='lat' dir='ltr'><strong>J</strong></span> <span class='ocrx_word' id='word_1_189' title='bbox 806 3567 998 3630; x_wconf 90' lang='lat' dir='ltr'><strong>anuensium</strong></span> <span class='ocrx_word' id='word_1_190' title='bbox 1013 3573 1046 3630; x_wconf 92' lang='lat' dir='ltr'><strong>et</strong></span> <span class='ocrx_word' id='word_1_191' title='bbox 1061 3566 1253 3630; x_wconf 88' lang='lat' dir='ltr'><strong>Pisanorum</strong></span> <span class='ocrx_word' id='word_1_192' title='bbox 1273 3566 1315 3630; x_wconf 85' lang='lat' dir='ltr'><strong>ad</strong></span> 
     </span>
     <span class='ocr_line' id='line_1_29' title="bbox 362 3669 1314 3752; baseline -0.001 -20"><span class='ocrx_word' id='word_1_193' title='bbox 362 3670 488 3752; x_wconf 84' lang='lat' dir='ltr'><strong>Joppen</strong></span> <span class='ocrx_word' id='word_1_194' title='bbox 503 3670 710 3752; x_wconf 88' lang='lat' dir='ltr'><strong>applicantes,</strong></span> <span class='ocrx_word' id='word_1_195' title='bbox 725 3670 867 3733; x_wconf 81' lang='lat' dir='ltr'><strong>Azotum</strong></span> <span class='ocrx_word' id='word_1_196' title='bbox 881 3676 954 3752; x_wconf 92' lang='lat' dir='ltr'><strong>post</strong></span> <span class='ocrx_word' id='word_1_197' title='bbox 968 3669 1069 3732; x_wconf 90' lang='lat' dir='ltr'><strong>trium</strong></span> <span class='ocrx_word' id='word_1_198' title='bbox 1090 3669 1215 3733; x_wconf 90' lang='lat' dir='ltr'><strong>dierum</strong></span> <span class='ocrx_word' id='word_1_199' title='bbox 1230 3669 1314 3734; x_wconf 91' lang='lat' dir='ltr'><strong>obsi-</strong></span> 
     </span>
     <span class='ocr_line' id='line_1_30' title="bbox 361 3770 1314 3853; baseline 0.004 -21"><span class='ocrx_word' id='word_1_200' title='bbox 361 3770 490 3833; x_wconf 88' lang='lat' dir='ltr'><strong>dionem</strong></span> <span class='ocrx_word' id='word_1_201' title='bbox 506 3770 547 3833; x_wconf 91' lang='lat' dir='ltr'><strong>ad</strong></span> <span class='ocrx_word' id='word_1_202' title='bbox 567 3770 764 3834; x_wconf 91' lang='lat' dir='ltr'><strong>deditionem</strong></span> <span class='ocrx_word' id='word_1_203' title='bbox 785 3777 979 3853; x_wconf 78' lang='lat' dir='ltr'><strong>coegerunt3</strong></span> <span class='ocrx_word' id='word_1_204' title='bbox 1002 3770 1119 3835; x_wconf 89' lang='lat' dir='ltr'><strong>deinde</strong></span> <span class='ocrx_word' id='word_1_205' title='bbox 1135 3772 1314 3836; x_wconf 84' lang='lat' dir='ltr'><strong>Caesaream</strong></span> 
     </span>
     <span class='ocr_line' id='line_1_31' title="bbox 360 3874 1315 3958; baseline 0.004 -22"><span class='ocrx_word' id='word_1_206' title='bbox 360 3874 549 3953; x_wconf 83' lang='lat' dir='ltr'><strong>Palaestinae,</strong></span> <span class='ocrx_word' id='word_1_207' title='bbox 575 3875 638 3937; x_wconf 93' lang='lat' dir='ltr'><strong>Dei</strong></span> <span class='ocrx_word' id='word_1_208' title='bbox 661 3874 763 3938; x_wconf 83' lang='lat' dir='ltr'><strong>fretus</strong></span> <span class='ocrx_word' id='word_1_209' title='bbox 790 3875 950 3958; x_wconf 86' lang='lat' dir='ltr'><strong>adjutorio</strong></span> <span class='ocrx_word' id='word_1_210' title='bbox 976 3882 1009 3938; x_wconf 91' lang='lat' dir='ltr'><strong>et</strong></span> <span class='ocrx_word' id='word_1_211' title='bbox 1035 3877 1177 3940; x_wconf 88' lang='lat' dir='ltr'><strong>mihtum</strong></span> <span class='ocrx_word' id='word_1_212' title='bbox 1202 3875 1315 3940; x_wconf 91' lang='lat' dir='ltr'><strong>labore</strong></span> 
     </span>
     <span class='ocr_line' id='line_1_32' title="bbox 358 3976 1313 4062; baseline 0.003 -22"><span class='ocrx_word' id='word_1_213' title='bbox 358 3999 425 4040; x_wconf 87' lang='lat' dir='ltr'><strong>non</strong></span> <span class='ocrx_word' id='word_1_214' title='bbox 446 3976 581 4055; x_wconf 90' lang='lat' dir='ltr'><strong>modico,</strong></span> <span class='ocrx_word' id='word_1_215' title='bbox 602 3977 697 4060; x_wconf 92' lang='lat' dir='ltr'><strong>cepit,</strong></span> <span class='ocrx_word' id='word_1_216' title='bbox 716 3999 791 4041; x_wconf 92' lang='lat' dir='ltr'><strong>cum</strong></span> <span class='ocrx_word' id='word_1_217' title='bbox 810 3978 899 4042; x_wconf 86' lang='lat' dir='ltr'><strong>urbis</strong></span> <span class='ocrx_word' id='word_1_218' title='bbox 923 3978 1092 4043; x_wconf 87' lang='lat' dir='ltr'><strong>ammirato</strong></span> <span class='ocrx_word' id='word_1_219' title='bbox 1111 3986 1144 4044; x_wconf 88' lang='lat' dir='ltr'><strong>et</strong></span> <span class='ocrx_word' id='word_1_220' title='bbox 1165 3979 1313 4062; x_wconf 89' lang='lat' dir='ltr'><strong>episcopo</strong></span> 
     </span>
     <span class='ocr_line' id='line_1_33' title="bbox 358 4079 530 4144; baseline -0.012 0"><span class='ocrx_word' id='word_1_221' title='bbox 358 4079 530 4144; x_wconf 85' lang='lat' dir='ltr'><strong>Archadio.</strong></span> 
     </span>
    </p>

    <p class='ocr_par' dir='ltr' id='par_1_5' title="bbox 356 4183 1313 4371">
     <span class='ocr_line' id='line_1_34' title="bbox 400 4183 1313 4269; baseline 0.002 -23"><span class='ocrx_word' id='word_1_222' title='bbox 400 4183 485 4247; x_wconf 73' lang='lat' dir='ltr'><strong>Am.</strong></span> <span class='ocrx_word' id='word_1_223' title='bbox 518 4185 612 4247; x_wconf 81' lang='lat'>1102.</span> <span class='ocrx_word' id='word_1_224' title='bbox 665 4183 841 4247; x_wconf 88' lang='lat' dir='ltr'><strong>Anselmus</strong></span> <span class='ocrx_word' id='word_1_225' title='bbox 878 4183 1144 4269; x_wconf 84' lang='lat' dir='ltr'><strong>archiepiscopus,</strong></span> <span class='ocrx_word' id='word_1_226' title='bbox 1176 4183 1313 4249; x_wconf 91' lang='lat' dir='ltr'><strong>concilio</strong></span> 
     </span>
     <span class='ocr_line' id='line_1_35' title="bbox 356 4286 1312 4371; baseline -0.002 -19"><span class='ocrx_word' id='word_1_227' title='bbox 356 4293 529 4352; x_wconf 82' lang='lat' dir='ltr'><strong>convocato</strong></span> <span class='ocrx_word' id='word_1_228' title='bbox 544 4286 631 4370; x_wconf 92' lang='lat' dir='ltr'><strong>apud</strong></span> <span class='ocrx_word' id='word_1_229' title='bbox 646 4287 857 4366; x_wconf 71' lang='lat' dir='ltr'><strong>lundoniam,</strong></span> <span class='ocrx_word' id='word_1_230' title='bbox 870 4309 946 4371; x_wconf 85' lang='lat' dir='ltr'><strong>rege</strong></span> <span class='ocrx_word' id='word_1_231' title='bbox 957 4288 1191 4367; x_wconf 86' lang='lat' dir='ltr'><strong>consentiente,</strong></span> <span class='ocrx_word' id='word_1_232' title='bbox 1204 4288 1312 4371; x_wconf 88' lang='lat' dir='ltr'><strong>plures</strong></span> 
     </span>
    </p>
   </div>
   <div class='ocr_carea' id='block_1_5' title="bbox 0 0 1618 5100">
    <p class='ocr_par' dir='ltr' id='par_1_6' title="bbox 0 0 1618 5100">
     <span class='ocr_line' id='line_1_36' title="bbox 0 0 1618 5100; baseline 0 6"><span class='ocrx_word' id='word_1_233' title='bbox 0 0 1618 5100; x_wconf 95' lang='lat' dir='ltr'><strong> </strong></span> 
     </span>
    </p>
   </div>
  </div>
 </body>
</html>
