3216 5104
625 644 914 690 rnrnrnunonusu.
1183 627 1244 689 151

293 781 372 825 nam
386 760 564 839 transtulit,
580 767 613 825 et
628 761 740 826 statuit
755 761 840 846 apud
854 760 985 826 Novum
999 761 1133 826 Locum.
1174 761 1247 826 Ma-

293 863 422 927 nerium
448 863 548 927 etiam
572 863 804 948 Quappelande
828 885 886 948 per
911 864 1018 947 ipsum
1040 863 1164 928 factum
1189 869 1245 930 est.

293 964 403 1028 Multa
418 965 549 1047 quidem
564 972 597 1029 et
613 966 674 1030 alia
689 966 765 1031 fecit
781 973 813 1030 et
829 966 1010 1050 adquisivit,
1027 989 1099 1050 qnae
1113 967 1165 1031 hic
1180 989 1248 1031 non

253 1138 256 1144 ,
294 1071 371 1129 sunt
391 1066 526 1148 scripta,
551 1067 608 1130 sed
627 1066 662 1129 in
682 1066 765 1131 libro
784 1069 969 1131 chartarum
987 1067 1114 1150 plenius
1132 1067 1246 1132 intitu-

293 1168 369 1232 lata.
416 1169 575 1233 Successit
591 1169 619 1234 ei
636 1169 819 1233 Willelmus
835 1169 874 1232 de
889 1168 1073 1252 Littleport.

336 1273 534 1337 11111115.
580 1272 670 1335 Obiit
696 1272 869 1355 Gregorius
893 1273 934 1347 X,
959 1272 1011 1336 cui
1033 1271 1185 1336 suecessit
1207 1271 1247 1338 de

293 1373 405 1439 ordine
439 1375 577 1438 fratrum
609 1375 864 1458 praedicatorum,
894 1373 1011 1438 Petrus
1040 1374 1244 1454 Tarentinus,

291 1476 395 1560 primo
415 1476 669 1560 archiepiscopus
688 1475 924 1559 Lugdunensis,
941 1475 1057 1540 deinde
1079 1476 1245 1560 episcopus

293 1578 470 1658 Ostiensis3
500 1578 635 1643 tandem
664 1578 699 1642 in
714 1599 831 1661 papam
855 1583 905 1641 est
930 1577 1061 1656 electus,
1084 1583 1118 1640 et
1140 1577 1245 1642 dictus

291 1681 504 1746 Innocentius
518 1681 569 1746 V:
593 1681 645 1745 cui
662 1687 735 1764 post
749 1700 876 1744 menses
896 1679 1006 1744 decem
1024 1686 1057 1744 11
1076 1679 1143 1744 dies
1164 1680 1245 1745 duos

292 1783 427 1849 obeunti
441 1783 592 1848 successit
604 1783 811 1849 Otthobonus
822 1788 979 1866 cognatus
990 1780 1173 1848 Innocentii
1182 1782 1244 1849 lv.

290 1887 425 1952 Dudum
455 1887 514 1952 snb
539 1887 706 1953 Clemente
730 1888 781 1951 IV
803 1888 929 1970 legatus
952 1885 990 1950 in
1013 1885 1178 1970 Angliam,
1203 1887 1245 1951 ad

289 1990 464 2072 sedandam
480 2011 630 2074 guerram
639 1990 846 2072 interregem
861 1994 894 2053 et
908 1988 1045 2053 barones
1058 1995 1242 2053 1111111111-

290 2093 427 2158 missus:
451 2093 537 2177 apud
552 2095 691 2157 Romam
703 2092 740 2156 in
754 2113 871 2175 papam
886 2091 1016 2169 electus,
1031 2089 1196 2156 Adrianus
1210 2092 1244 2155 V

290 2200 339 2259 est
359 2196 474 2275 dictus,
497 2196 553 2279 qui
575 2195 658 2260 sedit
676 2215 786 2258 mense
807 2215 884 2272 uno,
901 2193 1013 2257 diebus
1033 2215 1167 2272 novem,
1190 2196 1244 2259 cui

292 2297 442 2362 successit
479 2298 645 2363 Johanues
674 2298 768 2362 XXI.
830 2295 959 2360 Scabies
987 2297 1128 2361 maxima
1155 2298 1245 2362 venit

289 2422 386 2484 super
400 2420 471 2465 oves
485 2401 522 2464 in
535 2401 665 2484 Anglia.
697 2401 788 2464 Uxor
802 2399 932 2464 heulini
947 2399 1072 2482 capitur
1085 2419 1144 2484 per
1154 2400 1243 2465 Bris-

288 2503 434 2585 talloncs,
449 2504 537 2568 unde
553 2505 679 2568 Guerra
693 2504 819 2567 Walliae
834 2503 927 2586 oepit.

330 2606 416 2671 Ab.
448 2608 543 2672 1276.
588 2607 679 2673 Obiit
709 2606 874 2672 Johannes
902 2626 994 2689 papa,
1024 2605 1120 2670 ruina
1147 2627 1240 2671 novae

288 2728 421 2775 oamerae
442 2716 576 2793 repente
596 2709 773 2774 corruentis
794 2709 963 2788 contritus,
979 2715 1012 2773 et
1030 2709 1163 2775 cessavit
1184 2731 1241 2793 pa·

286 2817 381 2894 patus
405 2810 572 2875 mensibus
601 2831 666 2890 sex,
691 2810 803 2875 diebus
830 2819 971 2895 septem3
1009 2812 1060 2876 cni
1088 2813 1241 2877 successit

286 2913 440 2978 Nicolaus
455 2914 515 2994 IV,
531 2937 551 2978 a
563 2915 660 2979 beato
681 2916 778 2979 Petro
795 2915 990 2979 centesimus
1009 2915 1238 2998 nonagesimus

288 3018 456 3082 secundus.
516 3019 675 3083 Dominus
704 3039 761 3082 rex
790 3017 966 3082 Edwardns
1002 3017 1038 3081 in
1074 3018 1239 3101 quindena

287 3121 390 3184 sancti
405 3119 574 3185 Michaelis
588 3121 695 3186 tenuit
708 3121 959 3205 parliamentum
976 3119 1164 3199 bondoniae,
1180 3119 1238 3184 ubi

286 3223 483 3305 prohibitum
501 3230 550 3288 est
569 3245 612 3289 ne
627 3226 649 3288 J
649 3223 733 3288 udaei
748 3231 849 3288 terras
864 3223 1123 3288 Christianorum
1144 3242 1237 3306 cape-

285 3332 359 3390 rent
373 3327 410 3390 in
423 3327 564 3407 feodum,
584 3348 645 3393 nec
663 3328 835 3411 pecuniam
854 3327 893 3391 de
912 3333 1027 3391 caetero
1046 3326 1087 3390 ad
1106 3347 1239 3390 usuram

285 3429 450 3494 traderent
459 3456 470 3509 ;
493 3431 549 3495 sed
563 3438 601 3497 nt
615 3431 723 3496 labore
741 3451 898 3495 manuum
916 3451 1047 3494 suarum
1069 3436 1102 3495 et
1124 3430 1237 3494 merci-

285 3531 402 3596 moniis
430 3533 582 3599 viverent.
642 3534 801 3600 Concessa
829 3533 891 3598 fuit
928 3553 1004 3616 ergo
1035 3533 1240 3617 quindecima

285 3634 432 3699 omnium
466 3637 636 3702 mobilium
663 3638 800 3721 Angliae,
830 3637 970 3721 exceptis
1007 3637 1237 3703 ecclesiasticis.

287 3737 359 3802 Hoc
374 3759 460 3802 anno
475 3740 548 3804 finit
563 3740 714 3805 chronica
729 3740 876 3806 Martini.

327 3838 413 3905 Aa).
431 3843 525 3907 1277.
571 3842 662 3907 Obiit
676 3844 840 3909 Walterns
855 3843 896 3908 de
911 3843 1054 3921 Merton,
1070 3844 1237 3928 episcopus

285 3943 455 4023 Roffensis,
479 3945 535 4028 qui
564 3946 725 4029 quandam
749 3948 856 4011 aulam
882 3947 1016 4012 Oxoniis
1038 3947 1235 4011 scholaribus

285 4045 467 4128 assignavit,
483 4053 516 4111 et
533 4048 640 4112 locum
661 4036 818 4113 reditibus
834 4054 866 4114 et
882 4050 1021 4114 ecclesiis
1036 4049 1177 4128 divitem,
1193 4049 1235 4112 ad

283 4146 348 4212 Dei
373 4155 406 4214 et
432 4158 552 4214 sanctae
574 4151 715 4216 ecclesiae
735 4152 902 4231 honorem,
922 4152 1123 4236 sagacissime
1144 4152 1236 4215 insti-

282 4250 357 4317 tuit.
385 4253 455 4318 Rex
467 4254 660 4319 vero-Tarsis
671 4254 758 4320 misit
771 4262 908 4339 quatuor
922 4255 1058 4320 nuncios
1073 4252 1114 4319 ad
1124 4275 1235 4339 regem
