3226 5100
359 630 403 693 46
658 651 854 697 curorrcou
871 652 1006 719 aucuia

359 767 493 831 fluvium
516 767 628 851 projici
648 767 765 851 jussit,
791 766 848 832 sed
871 787 890 832 a
914 767 1071 851 piscatore
1094 768 1233 852 quodam
1258 791 1310 834 ex-

359 876 506 953 cerptum
520 870 557 933 in
571 871 754 936 coemeterio
765 872 934 935 Danorum
949 871 1129 935 Lundoniae
1142 871 1310 936 infoditur.

402 975 487 1038 A.D.
516 977 611 1038 1041.
656 974 832 1039 Edwardus
856 996 876 1038 a
899 974 1102 1038 Normannia
1124 975 1266 1054 veniens,
1291 997 1312 1039 a

358 1076 457 1141 fratre
494 1083 660 1160 gratanter
693 1077 865 1162 suscipitur
896 1098 972 1142 cum
1006 1085 1131 1157 matre;
1169 1100 1310 1143 sororem

360 1179 459 1244 etiam
475 1201 566 1244 suam
583 1180 760 1245 Gunildam
774 1201 849 1244 cum
864 1200 983 1263 magno
998 1187 1154 1264 apparatu
1165 1179 1310 1246 Henrico

357 1282 543 1367 imperatori
561 1281 662 1346 tradit
681 1303 822 1346 uxorem
870 1283 950 1347 Haec
969 1281 1005 1346 in
1024 1283 1180 1366 supremis
1196 1283 1309 1349 diebus

358 1387 508 1451 adulterii
524 1393 672 1451 scemata
690 1387 805 1470 puerili
825 1386 994 1471 cujusdam
1011 1386 1119 1451 duello
1139 1409 1173 1452 se
1191 1409 1308 1472 purga-

356 1491 402 1554 vit
417 1495 529 1554 contra
544 1489 708 1554 hominem
723 1489 898 1573 gigantem,
910 1489 966 1572 qui
981 1490 1102 1577 succiso
1117 1490 1309 1555 miraculose

355 1593 475 1677 poplite
504 1600 683 1678 superatur.
737 1593 800 1656 Illa
824 1593 988 1677 insperato
1012 1592 1178 1676 triumpho
1204 1594 1307 1677 tripu-

356 1697 459 1776 dians,
473 1718 535 1761 nec
553 1697 650 1760 minis
671 1717 733 1760 nec
753 1695 969 1760 delinimentis
989 1694 1031 1760 ad
1050 1695 1182 1761 thorum
1200 1697 1307 1776 rediit,

356 1799 413 1864 sed
428 1799 679 1864 sanctimonialis
694 1798 808 1863 effecta
823 1797 940 1862 coelebs
954 1798 1136 1863 consenuit.

398 1901 597 1967 1111011.
637 1900 849 1965 Hardcnutus
869 1900 904 1965 in
925 1899 1069 1965 convivio
1084 1901 1170 1986 apud
1187 1902 1307 1968 Lamn-

355 2004 431 2069 dam
449 2005 536 2069 inter
555 2005 670 2088 poeula
690 2004 797 2069 subito
818 2003 907 2082 obiit,
928 2005 980 2068 eui
1002 2005 1154 2069 successit
1175 2006 1307 2070 Edwar-

355 2108 424 2172 dns.
470 2107 594 2191 Corpus
614 2107 770 2172 Pallantis
790 2107 849 2170 filii
868 2106 1012 2171 Evandri
1031 2107 1115 2171 circa
1133 2108 1203 2174 hac
1223 2115 1304 2174 tem-

353 2231 432 2296 pora
454 2217 617 2295 repertum
642 2216 691 2275 est
714 2209 894 2274 illibatumr
916 2210 1025 2274 hiatus
1046 2211 1196 2290 vulneris,
1218 2213 1306 2295 quod

352 2314 389 2378 in
407 2320 536 2399 pectore
556 2315 624 2397 ejus
644 2314 757 2377 lancea
770 2312 873 2377 Turni
886 2313 1016 2393 fecerat,
1032 2319 1171 2398 quatuor
1184 2315 1304 2399 pedum

351 2424 387 2482 et
401 2416 526 2481 dimidii
545 2422 623 2481 erat.
667 2416 795 2480 Ardens
814 2417 947 2481 lucerna
966 2416 1008 2480 ad
1027 2423 1125 2500 caput
1145 2417 1215 2501 ejus
1234 2425 1303 2483 arte

352 2519 540 2584 mechanica
552 2519 808 2603 inextinguibilis
822 2519 955 2584 inventa
970 2525 1028 2599 est,
1041 2525 1074 2584 et
1089 2540 1204 2604 corpus
1218 2521 1302 2585 leva·

351 2631 424 2688 tum
439 2629 472 2687 et
487 2621 528 2687 ad
543 2644 653 2688 muros
667 2623 864 2708 applicatum
878 2622 966 2687 urbis
982 2624 1147 2704 Romanae,
1162 2645 1217 2688 eos
1231 2625 1303 2688 alti·

350 2725 465 2790 tudine
479 2725 555 2789 vicit
563 2751 573 2804 ;
596 2726 726 2809 taleque
740 2732 809 2790 crat
824 2726 894 2810 ejus
908 2725 1127 2810 epitaphium:
1214 2787 1217 2792 i

452 2880 553 2945 Filius
567 2880 711 2944 Evandri
725 2880 840 2960 Pallas,
858 2902 953 2965 quem
967 2881 1080 2946 lancea
1093 2881 1196 2946 Turni

495 2984 612 3049 Militis
627 2984 753 3064 occidit,
769 2991 873 3048 morte
888 3005 947 3048 sua
957 2985 1044 3069 jacet
1058 2983 1120 3048 hic.
1225 3025 1229 3034 ·

392 3141 477 3206 A.D.
501 3143 597 3204 1043.
636 3140 776 3206 Sanctus
798 3139 974 3205 Edwardus
996 3161 1054 3203 rex
1074 3146 1108 3204 et
1131 3140 1301 3206 Confessor

347 3244 390 3310 ab
410 3244 509 3310 Edsio
529 3244 755 3310 cantuariensi
776 3251 810 3309 et
831 3243 959 3320 Alfrido
979 3244 1175 3338 Eboraaensi
1197 3246 1299 3310 archi-

346 3348 511 3433 episcopis,
538 3355 572 3414 et
598 3348 668 3413 aliis
694 3348 859 3433 episcopis,
889 3347 1030 3431 praelatis
1055 3352 1089 3411 et
1112 3348 1298 3432 proceribus
1406 3375 1410 3384 ·

344 3451 438 3535 regni
453 3452 520 3516 lere
534 3452 659 3516 cunctis
673 3451 894 3535 praesentibus,
910 3450 1046 3534 ungitur
1064 3449 1101 3513 in
1120 3470 1231 3534 regem
1246 3452 1298 3516 die

346 3555 478 3620 Paschae
493 3555 579 3639 apud
591 3555 808 3636 wintoniam,

387 3657 473 3722 Ab.
506 3659 601 3720 1044.
645 3656 810 3720 Aluordus
847 3654 1083 3720 Londoniensis
1119 3656 1296 3740 episcopus,

344 3779 446 3840 quum
461 3779 527 3840 prae
539 3757 729 3821 infirmitate
743 3757 940 3841 episcopatui
953 3756 1089 3836 eederet,
1102 3764 1135 3822 et
1150 3779 1171 3821 a
1184 3781 1296 3824 mona·

342 3859 415 3924 chis-
426 3859 595 3938 Evesham,
611 3858 668 3923 ubi
687 3858 776 3944 prius
795 3858 894 3923 abbas
909 3865 988 3939 erat,
1002 3881 1071 3925 non
1088 3861 1294 3945 reciperetur,

342 3985 418 4028 cum
432 3963 542 4028 multis
555 3962 700 4046 ejusdem
715 3962 901 4028 monasterii
916 3963 1113 4028 ornamentis
1123 3963 1165 4028 ad
1177 3965 1293 4030 Rame-

344 4089 400 4153 sey
415 4065 555 4146 divertit,
570 4065 678 4150 ibique
692 4065 782 4131 obiit.

386 4171 472 4236 A.D.
490 4171 584 4233 1045.
622 4169 711 4253 Papa
736 4167 911 4252 Gregorius
925 4168 987 4233 VI.
1034 4167 1103 4232 Iste
1127 4189 1227 4252 quum
1251 4168 1292 4231 si-

340 4273 419 4339 carii
446 4272 585 4338 Romani
614 4293 682 4338 non
707 4279 837 4338 tentum
865 4271 1079 4357 possessiones
1108 4271 1290 4351 exteriores,
