3212 5102
310 616 376 680 140
607 638 805 682 cnaourcors
821 639 959 686 suumn

309 763 342 821 et
358 778 415 841 pro
430 777 489 821 suo
502 762 658 841 perpetuo
671 757 852 822 institutus.
896 757 1031 821 Mortuo
1046 777 1173 840 qnoque
1195 778 1261 821 me-

308 865 433 924 morato
456 859 572 924 abbate
598 858 800 939 Constantio,
824 860 976 925 successit
1002 858 1108 923 eidem
1130 859 1261 943 qnidam

310 963 467 1043 Jacobus3
489 963 599 1029 volens
620 964 805 1049 hujusmodi
831 965 1096 1049 compositionem
1116 965 1261 1030 totaliter

308 1067 480 1147 infirmare,
496 1090 534 1133 ao
552 1068 649 1134 etiam
670 1070 800 1152 penitus
820 1091 860 1134 cx
876 1076 947 1134 toto
961 1090 1095 1148 cassare,
1110 1069 1199 1133 venit
1220 1070 1262 1133 ad

307 1171 485 1254 prioratum
501 1171 706 1256 Spaldingiae,
721 1172 973 1256 praedictumque
989 1173 1155 1236 Simonem
1177 1173 1261 1255 prio·

307 1292 377 1336 rem
399 1274 444 1337 sic
464 1281 667 1357 perpetuum,
688 1282 721 1339 et
741 1275 819 1338 alios
840 1275 934 1338 dictae
953 1274 1067 1339 domus
1086 1275 1261 1353 ministros,

308 1383 421 1441 contra
440 1376 576 1441 eandem
597 1377 869 1462 compositionem,
884 1378 985 1442 voluit
1006 1378 1146 1442 finaliter
1165 1377 1260 1462 depo·

308 1479 418 1544 suisse.
465 1480 568 1564 Super
588 1503 651 1564 quo
673 1481 761 1545 idem
781 1482 869 1565 prior
888 1481 1012 1556 Simon,
1033 1487 1066 1546 et
1087 1503 1164 1544 suus
1184 1502 1260 1544 con·

307 1585 433 1660 ventus,
448 1583 637 1667 praedictum
657 1586 678 1648 J
680 1584 816 1649 acobum
835 1584 996 1663 abbatem,
1012 1590 1045 1648 et
1066 1606 1162 1648 suum
1183 1605 1259 1648 con-

307 1691 451 1764 ventum,
476 1685 517 1750 ad
546 1686 669 1750 curiam
697 1687 844 1770 papalem
873 1693 1087 1770 procurarunt
1118 1687 1260 1765 evocari,

307 1787 364 1852 ubi
379 1787 457 1852 dicti
472 1790 494 1853 J
495 1788 612 1853 acobus
632 1789 742 1869 abbas,
757 1796 790 1854 et
812 1796 989 1855 conventus
1003 1790 1258 1873 Andegavensis,

307 1911 416 1954 coram
435 1891 567 1957 domino
585 1914 669 1976 papa
688 1893 881 1958 Innocentio
896 1891 947 1958 IV
962 1900 1209 1977 proposuerunt,
1225 1915 1259 1958 sc

307 1998 342 2057 et
355 1993 586 2058 monasterium
600 2015 705 2073 suum,
716 2015 774 2078 per
788 1993 915 2058 eosdem
933 1994 1098 2058 Simonem
1109 1993 1258 2078 priorem,

306 2105 339 2163 et
354 2107 548 2164 conventum
565 2099 768 2183 Spaldingiae,
784 2120 804 2162 a
818 2098 1015 2183 subjectione
1034 2099 1194 2182 prioratus
1209 2098 1260 2161 sui

305 2201 342 2265 in
357 2203 574 2286 spiritualibus
595 2209 627 2266 et
646 2201 875 2286 temporalibus
895 2202 1056 2285 spoliatos,
1071 2206 1219 2285 petentes
1240 2222 1259 2264 a

307 2303 437 2369 domino
461 2327 544 2389 papa
570 2305 611 2369 ad
632 2305 817 2389 hujusmodi
845 2304 1078 2389 subjectionem
1107 2326 1142 2368 se
1162 2305 1257 2389 plene

304 2407 443 2471 restitui.
477 2408 552 2474 Qua
565 2409 623 2472 lite
636 2407 672 2471 in
687 2408 773 2472 dicta
783 2408 872 2472 curia
885 2429 942 2491 per
957 2407 1140 2492 quindecim
1155 2430 1257 2472 annos

306 2509 351 2575 sic
365 2509 537 2593 pendente,
554 2531 591 2575 ac
604 2510 681 2594 ipsis
696 2510 812 2575 abbate
827 2518 859 2574 et
874 2518 1036 2575 conventu
1050 2518 1141 2575 extra
1155 2511 1257 2576 omni-

305 2612 434 2678 modam
463 2613 694 2696 possessionem
723 2613 938 2698 spiritualium
967 2621 999 2678 et
1028 2615 1254 2697 temporalium

304 2716 464 2799 prioratus
491 2715 696 2799 Spaldingiae,
717 2717 812 2799 juxta
836 2738 948 2783 eorum
970 2717 1132 2801 propriam
1154 2740 1256 2782 asser·

305 2818 428 2883 tionem
460 2818 655 2903 judicialiter
684 2820 813 2899 factam,
844 2820 1076 2899 existentibus,
1114 2820 1256 2886 secundo

305 2921 517 3004 compositum
540 2921 705 2985 exstiterat
722 2922 808 2985 inter
829 2928 954 3004 partes,·
977 2943 1150 3005 perquam
1171 2943 1257 2989 com-

303 3025 496 3107 positionem
525 3024 646 3088 eisdem
675 3024 784 3089 abbati
809 3031 842 3088 ct
867 3023 1039 3088 conventui
1062 3024 1142 3086 nihil
1165 3025 1256 3088 attri-

303 3127 416 3193 buitur
430 3128 615 3213 temporale,
631 3127 693 3192 uisi
709 3126 855 3211 quaedam
870 3148 980 3190 annua
998 3127 1162 3210 praestatio
1177 3148 1255 3209 qua-

304 3231 454 3316 draginta
481 3232 646 3309 librarum,
671 3237 704 3295 et
728 3251 819 3294 mora
842 3236 980 3313 quatuor
1004 3230 1254 3294 monachorum:

304 3357 375 3418 quae
398 3336 526 3419 quidem
549 3335 744 3419 compositio,
759 3355 817 3419 per
832 3332 999 3397 dominum
1020 3353 1137 3416 papam
1158 3331 1253 3411 facta,

303 3435 459 3518 Lugduni
480 3439 698 3516 confirmatur,
719 3437 759 3502 de
776 3436 874 3501 verbo
896 3436 931 3500 in
954 3435 1088 3499 verbum
1111 3436 1256 3499 totaliter

302 3539 445 3603 recitata.
492 3540 613 3604 Omnes
627 3560 701 3603 vero
720 3539 840 3622 priores
858 3537 1063 3621 Spaldingiae,
1080 3543 1157 3600 ante
1172 3544 1254 3599 tem·

301 3663 361 3725 pus
390 3643 484 3706 istius
515 3642 664 3721 Simonis,
690 3642 794 3726 primo
818 3641 912 3706 electi
937 3647 970 3704 et
995 3639 1143 3724 perpetui
1164 3639 1255 3704 missi

301 3745 431 3808 fuerant
453 3743 493 3807 ab
516 3744 632 3808 abbate
651 3743 888 3826 Andegavensi,
904 3749 937 3806 et
959 3743 1001 3807 ad
1023 3743 1091 3826 ejus
1113 3742 1253 3821 libitum,

302 3846 431 3931 quando
460 3845 522 3908 sibi
551 3847 701 3930 placeret,
728 3845 979 3910 amovebantur:
1017 3866 1129 3909 omnes
1153 3845 1254 3909 ctiam

301 3951 437 4016 decanos
460 3949 599 4014 ecclcsiae
624 3949 766 4012 instituit
786 3955 819 4012 et
842 3949 961 4012 amovit
971 3974 981 4028 3
1004 3948 1060 4032 qui
1083 3971 1184 4032 quum
1205 3948 1252 4012 sic

300 4056 400 4119 amoti
414 4055 560 4133 fuissent,
574 4052 723 4137 quicquid
738 4052 778 4116 de
793 4051 902 4116 officiis
918 4052 984 4115 suis
999 4052 1148 4136 colligere
1163 4060 1254 4136 pote·

299 4165 384 4239 rant,
404 4180 513 4224 versus
535 4165 641 4242 partes
665 4157 896 4221 transmarinas
920 4156 1139 4240 asportabant,
1161 4164 1194 4219 et
1216 4155 1253 4218 in

300 4285 374 4328 suos
398 4263 541 4348 proprios
566 4285 642 4327 usus
668 4261 901 4346 expendebant.
955 4262 1035 4325 Erat
1058 4269 1169 4326 autem
1190 4260 1252 4324 iste
