3216 5104
681 665 982 726 recemundum.
1249 647 1313 710 139

234 793 236 796 ·
358 777 447 842 vicus
461 798 517 843 rex
532 778 677 845 Francius
691 780 728 844 in
743 778 842 845 Terra
858 781 978 846 Sancta
991 802 1049 866 per
1064 781 1240 846 Saracenos
1262 787 1312 846 est

358 887 482 965 captus,
512 888 545 946 et
570 882 753 948 Willelmus
782 884 980 968 Longespee,
1010 904 1117 948 comes
1148 883 1311 948 Sarisbiri-

358 985 454 1064 ensis,
468 985 591 1050 ibidem
614 1007 689 1051 cum
706 988 818 1052 multis
842 987 912 1052 aliis
932 994 982 1053 est
1001 987 1123 1053 occisus
1132 1013 1141 1067 3
1173 986 1311 1052 Ludovi-

358 1108 478 1172 cusque
499 1089 645 1154 redditur
668 1089 860 1155 Christianis
885 1092 921 1155 in
946 1091 1144 1156 escambium
1162 1111 1222 1174 pro
1246 1090 1312 1154 Da-

358 1190 468 1270 mieta,
485 1213 556 1275 quae
574 1192 650 1257 deta
672 1200 721 1257 est
740 1193 917 1257 Saracenis.
963 1194 1005 1258 In
1021 1193 1131 1272 Dacia,
1149 1191 1312 1256 Henricus

357 1313 414 1358 rex
439 1295 609 1359 Danorum
635 1295 675 1360 ab
699 1295 784 1360 Abel
808 1296 907 1361 fratre
931 1317 989 1362 suo
1014 1297 1051 1360 in
1073 1296 1156 1361 mari
1181 1301 1231 1360 est
1257 1295 1311 1360 de·

359 1419 491 1463 mersus
1005 1461 1007 1466 .

400 1501 486 1586 AD.
504 1503 599 1565 1251.
645 1501 813 1566 Corradus
830 1501 915 1567 filius
934 1503 1105 1582 Frederici,
1119 1509 1167 1582 ut,
1183 1508 1312 1568 mortuo

357 1609 458 1689 patre,
473 1625 612 1687 regnum
629 1604 747 1669 Siciliae
761 1612 912 1686 sumeret,
928 1626 985 1690 per
999 1627 1088 1670 mare
1107 1606 1143 1669 in
1156 1605 1311 1689 Apuliam

355 1707 454 1786 venit,
471 1712 504 1771 et
519 1713 613 1792 capta
627 1707 774 1791 Neapoli,
790 1729 899 1773 muros
918 1709 1005 1772 illius
1022 1708 1169 1774 frurditus
1185 1708 1310 1788 evertit,

358 1811 414 1894 qui
436 1813 584 1895 sequenti
605 1833 692 1876 anno
712 1835 813 1896 quum
831 1813 1060 1892 infirmaretur,
1076 1834 1134 1896 pro
1148 1811 1310 1876 medicina

356 1935 481 1978 veneno
504 1921 643 1999 sumpto,
658 1915 806 1980 mortuus
826 1922 885 1979 est.
931 1911 1002 1980 Rex
1023 1916 1121 1980 etiam
1142 1916 1310 1979 Danorum

356 2019 450 2099 Abel,
471 2042 569 2104 quum
595 2020 744 2086 Frisones
766 2020 939 2106 subjugare
958 2023 1063 2101 vellet,
1088 2021 1245 2088 occiditur
1268 2019 1309 2084 ab

358 2123 489 2190 eisdem.

398 2227 483 2293 A.D.
502 2231 596 2294 1252.
641 2228 835 2308 Alexander,
851 2229 935 2293 filius
958 2235 991 2294 et
1012 2229 1114 2293 haeres
1134 2227 1310 2293 Alexandri

355 2330 440 2413 regis
465 2331 593 2411 Scotiae,
616 2330 710 2395 duxit
734 2331 770 2396 in
792 2352 926 2396 uxorem
951 2332 1183 2414 Margaretem,
1207 2331 1308 2394 filiam

355 2433 440 2516 regis
466 2434 603 2517 Angliae,
627 2434 714 2517 apud
735 2434 927 2513 Eboracum,
951 2434 1002 2498 die
1024 2433 1142 2498 natalis
1164 2433 1308 2498 Domini.

355 2537 480 2621 Magna
494 2539 629 2618 siccitas,
639 2539 787 2623 calorque
797 2539 957 2603 maximus
971 2545 1051 2604 erat.
1082 2538 1173 2604 Obiit
1187 2539 1308 2618 Simon,

353 2642 441 2726 prior
457 2642 661 2726 Spaldingiae,
674 2643 730 2726 qui
743 2643 819 2708 licet
833 2665 853 2707 a
866 2643 1022 2728 principio
1034 2649 1103 2708 erat
1118 2641 1254 2721 dativus,
1267 2642 1309 2706 ad

352 2745 543 2810 instantiam
557 2752 665 2810 tamen
688 2753 720 2811 et
741 2746 963 2812 executionem
978 2746 1156 2825 sollicitem,
1173 2766 1210 2810 ac
1225 2751 1308 2810 trac-

353 2854 460 2914 tatum
490 2848 690 2934 diligentem,
719 2849 814 2914 bonae
843 2849 1015 2927 memoriae,
1047 2848 1199 2932 Hngonis
1229 2847 1307 2911 Lin-

353 2951 533 3030 colniensis,
561 2952 698 3035 'episcopi
721 2952 863 3031 secundi,
888 2958 921 3016 et
943 2951 1061 3016 nobilis
1083 2951 1144 3015 viri
1164 2950 1306 3029 Ranulfi,

353 3055 479 3120 comitis
498 3055 630 3120 Oestriee
651 3063 685 3120 et
707 3056 895 3135 Lincolniae,
919 3055 1063 3139 ejusdem
1083 3054 1146 3120 loci
1168 3053 1307 3137 patroni,

354 3181 429 3225 curn
444 3161 635 3226 Constantio
650 3161 766 3226 abbate
780 3161 1017 3244 Andegavensi,
1033 3159 1224 3224 mandatum
1242 3159 1308 3223 suf-

354 3264 464 3329 ficiens
494 3286 514 3328 a
542 3272 704 3330 conventu
729 3264 957 3348 Andagavensi
982 3263 1197 3346 componendi
1227 3267 1308 3326 tunc

352 3366 504 3446 habente,
520 3389 616 3452 super
629 3367 795 3432 nonnullis
815 3366 1074 3451 oppressionibus
1094 3372 1127 3429 et
1150 3365 1307 3449 gravemi-

352 3469 449 3534 nibus
473 3469 550 3534 dicti
569 3471 739 3555 prioratus,
758 3471 799 3536 ad
821 3469 1023 3534 amicabilem
1045 3468 1308 3551 compositionem

353 3579 422 3638 erat
437 3574 563 3638 ductus.
591 3573 658 3640 Qui
673 3574 803 3658 quidem
818 3573 916 3639 abbas
929 3572 1137 3637 Constantius
1149 3578 1182 3636 et
1195 3572 1310 3636 Simon

350 3677 446 3762 prior,
471 3677 511 3741 de
535 3699 695 3742 consensu
724 3677 884 3743 dictorum
908 3676 1089 3755 dioecesani,
1114 3681 1147 3740 et
1168 3675 1307 3759 patroni,

352 3781 398 3846 sic
413 3788 662 3868 composuerunt
677 3781 763 3866 apud
778 3783 959 3865 Brampton
969 3781 1065 3865 juxta
1077 3779 1308 3863 Huntingdon,

350 3890 389 3949 ut
404 3906 444 3949 ex
457 3892 537 3949 tunc
551 3885 672 3970 priores
689 3885 885 3970 Spaldingiae
904 3906 961 3969 per
976 3883 1194 3949 dioecesanum
1215 3882 1308 3946 insti·

349 3994 530 4069 tuerentur,
546 4010 583 4054 ac
602 3989 783 4054 immobiles
800 3994 1037 4073 permanentes,
1053 3988 1185 4072 plenam
1207 3985 1307 4050 admi-

347 4093 573 4159 nistrationem
587 4094 623 4158 in
638 4093 858 4177 spiritualibus
876 4099 909 4158 et
926 4092 1158 4176 temporalibus
1181 4089 1308 4154 obtine-

347 4204 432 4263 rent.
477 4200 540 4263 Per
556 4221 653 4282 quam
671 4197 802 4281 quidem
819 4197 1094 4281 compositionem,
1110 4194 1197 4260 idem
1220 4193 1306 4277 prior

349 4300 463 4366 Simon
478 4303 685 4368 confirmatus
699 4301 804 4386 primo
819 4307 888 4366 erat
903 4322 960 4385 per
971 4299 1094 4364 dictum
1110 4297 1305 4382 episcopum,
