3216 5104
610 668 900 714 rnnnrnuuonnsn.
1167 657 1230 718 149

275 785 339 858 tus,
355 786 389 844 et
404 781 579 865 Gregorius
595 781 629 846 X
644 789 692 846 est
707 789 847 848 vocatus.
887 784 952 849 Hic
966 807 1049 868 papa
1064 787 1152 852 mirae
1166 789 1229 854 fuit

276 883 480 965 experientiae
501 885 537 947 in
559 886 798 968 temporalibus,
815 893 848 950 et
871 887 912 950 ad
933 909 1105 952 numerum
1125 891 1227 955 cardi-

273 986 398 1049 nalium
413 987 554 1070 quinque
570 988 696 1072 adjecit,
713 988 752 1052 de
772 995 842 1052 tota
862 990 995 1054 ecclesia
1008 993 1153 1074 personis
1168 993 1225 1058 ho-

272 1088 461 1153 nestissimis
483 1091 665 1174 assumptis.
711 1091 890 1155 Coronatus
914 1099 963 1156 est
987 1093 1136 1158 dominus
1159 1095 1224 1160 Ed-

168 1210 170 1212 ·
272 1190 406 1268 wardus,
418 1191 502 1255 filius
514 1193 598 1274 regis
611 1190 746 1256 Haurici
760 1193 1003 1276 primogenitus
1016 1196 1103 1279 apud
1116 1198 1223 1263 West-

270 1293 513 1372 monasterium,
533 1294 670 1358 infesto
691 1297 917 1378 assumptionis
936 1297 1039 1362 beatae
1059 1300 1183 1380 Mariae,
1204 1323 1224 1366 a

270 1394 368 1459 fratre
383 1395 525 1460 Roberto
541 1397 767 1461 cantuariensi
789 1399 1034 1483 archiepiscopo,
1054 1408 1087 1465 et
1109 1402 1148 1465 ab
1172 1426 1221 1467 ar-

270 1497 469 1583 chiepiscopo
484 1501 732 1583 Rotomagensi:
756 1501 809 1565 cui
824 1502 973 1567 dominus
990 1526 1073 1587 papa
1092 1527 1220 1570 conces-

269 1600 309 1663 sit
330 1601 487 1665 decimam
510 1603 649 1667 ecclesiae
668 1602 858 1686 Anglicanae
876 1627 934 1688 per
952 1605 1128 1684 biennium,
1151 1613 1220 1673 tam

268 1702 489 1785 religiosorum
500 1727 597 1788 quam
612 1707 748 1769 aliorum
763 1707 978 1789 praelatorum,
995 1710 1134 1792 exceptis
1150 1711 1218 1774 Cis-

268 1805 488 1885 terciensibus,
505 1807 693 1891 Templariis
708 1815 741 1872 et
758 1809 993 1891 Hospitalariis.

309 1909 394 1971 hl).
413 1912 507 1974 1273.
546 1910 647 1973 Venit
666 1911 813 1974 dominus
832 1933 915 1995 papa
932 1912 1140 1995 Lugdunum,
1160 1913 1218 1978 ubi

266 2011 365 2074 frater
390 2011 628 2089 Bonaventura,
654 2011 802 2076 minister
828 2012 984 2094 generalis
1008 2013 1128 2076 ordinis
1153 2015 1216 2078 fra-

265 2119 353 2176 trum
374 2114 545 2192 minorum,
565 2121 731 2198 promotus
751 2115 854 2178 estin
874 2115 1077 2193 cardinalem,
1096 2123 1129 2179 et
1150 2118 1214 2200 epi-

265 2237 396 2299 scopum
410 2217 648 2281 Albanenscm:
670 2217 705 2279 in
721 2218 811 2300 cujus
827 2217 964 2280 officium
982 2219 1133 2282 successit
1151 2219 1214 2282 fra-

263 2323 314 2382 ter
337 2320 541 2403 leronymus,
566 2319 614 2381 vir
639 2319 750 2400 magni
778 2319 919 2382 nominis
947 2319 1034 2382 inter
1062 2321 1212 2386 minores.

263 2421 353 2485 Obiit
371 2422 558 2504 Margareta
576 2421 690 2504 regina
706 2422 832 2499 Scotiae,
849 2428 882 2485 et
901 2423 1033 2486 Beatrix
1052 2424 1213 2489 comitissa

261 2524 449 2603 Britanuiae,
466 2546 588 2589 sorores
603 2525 686 2608 regis
701 2524 860 2590 Edwardi.

304 2627 496 2693 1111171.
524 2628 728 2692 Celebratum
745 2634 793 2691 est
808 2627 979 2692 concilium
991 2629 1210 2712 Lugdunense

260 2753 377 2815 apapa
392 2731 549 2815 Gregorio
563 2732 596 2794 X
605 2757 613 2809 ;
637 2731 688 2795 cui
707 2732 924 2797 iuterfuerunt
943 2735 1056 2798 nuncii
1074 2735 1211 2819 impera-

258 2835 336 2898 toris
356 2834 714 2917 Constantinopolitani,
731 2841 764 2898 et
780 2835 975 2914 Graecorum,
994 2838 1208 2920 pronuncian-

258 2945 306 3001 tes
327 2944 360 3001 et
379 2938 570 3002 confitentes
585 2939 620 3001 in
637 2937 750 3002 Graeca
768 2938 881 3020 lingua
899 2939 997 3003 fidem
1018 2940 1208 3004 catholicam

258 3063 296 3104 ex
311 3047 402 3124 parte
417 3039 621 3104 dominorum
632 3062 774 3119 suorum,
786 3047 819 3104 et
833 3041 932 3104 totius
945 3042 1087 3118 Graeciae,
1099 3064 1207 3106 coram

257 3165 339 3226 papa
359 3149 400 3231 ⁶¹⁵,
412 3143 554 3207 concilio.
600 3143 777 3208 Decretum
797 3150 845 3206 est
864 3143 900 3205 in
918 3143 974 3207 illo
993 3144 1135 3222 concilio,
1151 3143 1208 3227 qui

256 3246 384 3310 ordines
398 3245 652 3310 mendicantium
667 3252 800 3324 starent,
816 3253 848 3308 et
864 3245 919 3328 qui
934 3252 1104 3310 cessarent.
1128 3245 1206 3310 Obi-

257 3356 352 3412 enmt
367 3349 413 3412 ibi
426 3349 522 3412 multi
536 3347 660 3432 praelati
673 3349 709 3411 in
720 3347 885 3412 redeundo
897 3347 936 3410 de
947 3346 1090 3410 concilio.
1115 3347 1205 3412 Obiit

256 3451 404 3516 dominus
420 3451 581 3515 Robertus
597 3451 695 3514 abbas
710 3450 750 3514 dc
765 3451 894 3533 Burg03
917 3450 971 3513 cui
984 3449 1135 3514 successit
1150 3449 1205 3514 do-

253 3555 361 3619 minus
381 3555 537 3619 Ricardus
558 3554 597 3618 de
617 3554 796 3618 Londonia.
842 3554 1001 3617 Concessa
1016 3559 1065 3616 est
1080 3553 1204 3617 decima

252 3658 383 3723 domino
405 3679 496 3741 papae
518 3678 575 3741 per
598 3664 702 3722 totam
725 3657 1011 3733 Christianitatem,
1038 3657 1073 3719 in
1099 3657 1201 3721 subsi-

252 3762 343 3825 dium
357 3762 463 3825 Terrae
479 3761 615 3824 Sanctae.
662 3760 753 3824 Obiit
769 3761 790 3823 J
791 3761 935 3823 ohannes
952 3760 1038 3843 prior
1054 3761 1201 3844 Spaldin-

249 3866 319 3948 giae,
336 3865 454 3948 dequo
471 3887 574 3949 pauca
595 3871 671 3928 sunt
689 3864 743 3928 hic
761 3864 1017 3948 perstringenda.
1054 3864 1114 3928 Vir
1127 3866 1199 3944 iste,

250 3968 327 4031 dum
343 3968 430 4045 vixit,
451 3967 592 4051 prudeus
615 3974 648 4031 et
670 3968 803 4031 illustris
825 3968 888 4031 fuit
898 3995 908 4046 3
932 3968 988 4032 sed
1008 3969 1083 4052 quia
1102 3968 1199 4032 detri-

247 4078 395 4135 mentum
409 4071 593 4154 patiebatur
612 4071 647 4133 iu
667 4071 838 4150 natalibus,
854 4072 1062 4136 obviaverunt
1082 4072 1199 4154 eiqui1

247 4175 377 4238 damin
397 4175 553 4239 electione
573 4197 640 4254 sua,
657 4175 809 4252 dicentes,
826 4197 900 4238 eum
919 4175 975 4238 tali
995 4176 1117 4238 honore
1131 4195 1199 4237 non

243 4299 311 4342 esse
327 4278 481 4360 dignum:
506 4278 622 4362 quibus
642 4277 695 4341 ille
715 4279 889 4362 respondit,
907 4300 940 4341 se
954 4278 1072 4342 habere
1092 4278 1197 4361 legiti-
