3212 5102
634 605 923 650 rurumuneursr.
1191 587 1253 648 153

232 778 235 784 ,
303 743 394 786 mum
409 722 449 786 de
463 722 647 806 Littleport,
658 721 797 805 priorem
814 718 1009 805 Spaldingiae
1017 745 1027 798 3
1043 715 1254 804 chirographo

303 825 417 903 levato,
434 826 517 889 etin
532 846 606 889 arca
620 823 742 888 domini
761 823 846 907 regis
866 823 980 906 posito,
994 843 1054 906 pro
1069 822 1254 906 quingentis

304 929 430 1007 marcis,
458 949 536 1012 quas
565 926 737 1011 praedictus
767 926 865 990 abbas
890 925 1043 1009 praedicto
1066 925 1173 1009 priori,
1197 945 1256 1008 pro

306 1031 396 1095 omni
407 1031 629 1114 jurisdictione
644 1024 813 1093 et'clameo
828 1029 863 1093 in
878 1028 1029 1106 mariscis,
1045 1027 1255 1111 persolvebat,

305 1135 327 1197 i.
344 1155 371 1197 e.
392 1133 523 1197 inclusis
543 1131 692 1196 omnibus
714 1153 812 1216 penes
835 1130 985 1196 abbatem
1002 1129 1256 1195 remanentibus.

307 1237 433 1319 Regina
446 1235 570 1319 peperit
584 1235 696 1298 filium.

349 1339 433 1402 al).
452 1340 547 1402 1279.
590 1335 689 1420 Apud
705 1335 907 1400 Kenilworth
921 1335 1062 1400 rotunda
1075 1335 1188 1400 tabula
1201 1356 1259 1420 per

307 1443 467 1525 copiosam
481 1441 723 1504 multitudinem
737 1440 926 1520 militumet
942 1440 1146 1504 dominarum
1167 1446 1260 1504 tenta

309 1549 357 1607 est
379 1543 416 1607 in
438 1565 557 1626 magno
579 1548 743 1626 apparatu.
790 1541 942 1620 Roberto,
963 1541 1188 1605 cantuariensi
1210 1563 1260 1605 ar·

308 1646 517 1729 chiepiscopo,
527 1645 612 1709 facto
627 1644 782 1709 cardinali
795 1664 853 1727 per
868 1645 1033 1708 dominum
1048 1667 1173 1728 papam,
1190 1665 1259 1708 suc-

309 1749 403 1823 cessit
418 1749 453 1811 in
468 1749 776 1832 archiepiscopatum
790 1748 890 1811 frater
905 1749 926 1812 J
928 1748 1070 1811 ohannes
1085 1747 1260 1826 Peckham,

272 1865 282 1888 ·
310 1853 457 1915 minister
472 1851 591 1915 ordinis
606 1852 743 1914 fratrum
759 1851 921 1914 minorum
936 1851 971 1914 in
983 1851 1111 1934 Anglia,
1127 1871 1184 1933 per
1198 1850 1261 1913 col·

309 1956 464 2020 lationem
487 1955 610 2019 domini
632 1976 722 2038 papae
736 1954 864 2018 Nicolai
879 1954 947 2033 III,
963 1954 1018 2037 qui
1039 1941 1076 2017 in
1095 1953 1183 2018 curia
1198 1954 1262 2016 Ro·

270 2103 272 2106 .
311 2076 409 2117 mana
430 2061 510 2117 tunc
533 2053 748 2117 cardinalibus
769 2052 964 2134 theologiam
989 2052 1126 2135 legebat.
1172 2051 1263 2114 Obiit

313 2154 462 2218 dominus
478 2154 644 2232 Ricardus,
661 2155 827 2237 episcopus
843 2155 1097 2233 lincolniensis,
1118 2154 1171 2218 cui
1193 2174 1264 2217 suc-

314 2257 408 2321 cessit
429 2258 583 2338 magister
597 2257 743 2320 Oliverus
759 2257 798 2320 de
815 2258 944 2336 Sutton,
961 2257 1100 2320 decanus
1121 2256 1265 2340 ejusdem

314 2359 463 2437 ecclesiae,
476 2359 646 2434 diesancti
661 2360 834 2438 Dunstani,
846 2359 901 2443 qui
915 2366 996 2424 tunc
1012 2359 1171 2423 dominica
1185 2365 1264 2438 erat,

315 2462 400 2547 apud
422 2463 625 2526 Londoniam
649 2483 668 2526 a
693 2462 842 2525 Johanne
866 2462 1091 2526 Cantuariensi
1113 2461 1266 2544 archiepi-

316 2587 410 2650 scopo
432 2572 644 2630 consecratus.
690 2565 825 2628 Editum
849 2572 897 2630 est
924 2571 1084 2630 statutum
1108 2565 1148 2628 de
1174 2563 1267 2627 terris

314 2670 469 2752 religiosis
492 2669 534 2732 ad
557 2690 690 2732 manum
713 2674 876 2732 mortuam
904 2690 971 2732 non
998 2667 1121 2745 dandiS,
1148 2666 1267 2751 absque

315 2775 400 2856 regis
416 2780 449 2838 et
463 2795 662 2838 summorum
678 2793 811 2836 suorum
825 2771 1029 2836 dominorum
1048 2770 1179 2842 licentia
1199 2791 1268 2854 spe-

319 2877 402 2941 ciali.
609 2922 614 2929 .

362 2977 446 3040 al).
472 2978 567 3041 1280.
614 2976 753 3040 Sanctus
778 2973 887 3058 Hug0‚
910 2975 1144 3039 Lincolniensis
1167 2996 1269 3060 quon-

319 3081 395 3144 dam
415 3079 580 3162 episcopus
605 3079 781 3141 translatus
804 3085 853 3141 est
878 3099 897 3140 a
922 3077 1072 3142 Johanne
1097 3076 1270 3140 Cantuari·

321 3181 390 3245 ensi
412 3180 657 3263 archiepiscopo,
681 3179 892 3261 praesentibus
914 3200 990 3261 rege
1013 3185 1045 3242 et
1067 3178 1189 3261 regina,
1205 3179 1270 3262 epi-

322 3282 423 3365 scopis
444 3289 477 3345 et
499 3281 705 3365 magnatibus
722 3281 759 3345 in
777 3282 918 3345 maxima
934 3282 1152 3360 multitudine,
1167 3290 1272 3346 trans-

321 3385 476 3449 lationem
502 3384 570 3467 ejus
592 3389 783 3467 procurante
809 3390 842 3447 et
868 3403 1021 3466 expensas
1038 3384 1113 3448 festi
1133 3384 1273 3448 faciente

321 3487 476 3570 magistro
494 3487 618 3550 Thema
639 3484 738 3565 Beck,
755 3485 810 3568 qui
829 3485 942 3550 eodem
960 3486 1011 3550 die
1031 3487 1067 3549 in
1090 3487 1273 3570 episcopum

323 3593 364 3656 dc
393 3598 504 3656 sancto
532 3590 637 3656 David
667 3596 715 3654 est
745 3597 975 3654 consecratus.¹
1004 3589 1094 3655 Obiit
1125 3590 1273 3655 dominus

324 3695 482 3758 Radulfus
505 3692 602 3757 abbas
625 3692 835 3777 Orcylandiae,
855 3693 911 3775 qui
932 3692 1036 3756 multa
1057 3690 1142 3756 bona
1165 3692 1274 3756 domui

324 3818 390 3861 suae
405 3797 544 3874 fecerat3
567 3795 620 3859 cui
641 3795 792 3859 successit
816 3794 965 3858 dominus
986 3795 1142 3859 Ricardus
1163 3817 1274 3859 mona-

325 3901 404 3965 chus
420 3899 564 3984 ejusdem
579 3898 703 3977 domus,
719 3899 802 3962 etin
817 3898 929 3963 eadem
943 3898 1018 3962 villa
1031 3905 1138 3964 natus.
1184 3899 1275 3962 Obiit

325 4002 480 4067 Nicolaus
494 4023 577 4085 papa
585 4027 595 4081 3
619 4000 671 4066 cui
686 4001 837 4066 successit
852 4001 1017 4065 Martinus
1032 4001 1093 4064 IV.

370 4106 455 4170 Aa).
487 4108 582 4169 1281.
637 4104 794 4169 Leulinus
823 4105 970 4190 princeps
998 4105 1126 4169 Walliae
1154 4103 1277 4168 bellum

328 4215 441 4273 contra
454 4207 579 4290 Anglos
593 4207 771 4291 reparavit:
796 4229 833 4271 ac
852 4209 993 4292 primum
1007 4207 1117 4290 Angli,
1132 4208 1276 4272 Wallen-
