3212 5102
326 623 389 686 138
628 641 822 686 cnaorucou
839 641 975 686 suerin

321 767 437 826 natus:
459 760 517 825 ubi
531 761 629 825 etiam
643 760 793 825 dominus
807 779 890 845 papa
904 757 1103 825 canonizavit
1123 765 1272 826 sanctum

323 863 544 942 Edmundum,
561 863 828 928 cantuariensem
850 862 1133 946 archiepiscopum,
1148 864 1272 929 creber-

320 967 410 1032 rimis
422 973 455 1031 et
465 967 644 1031 manifestis
654 967 815 1031 miraculis
826 971 1048 1031 coruscantem
1056 990 1066 1045 3
1082 973 1114 1030 et
1123 973 1271 1031 sanctum

321 1071 456 1135 Petrum
478 1070 765 1148 Mediolanensem,
781 1070 821 1134 de
835 1069 947 1134 ordine
967 1069 1104 1133 fratrum
1121 1069 1272 1152 praedica·

320 1182 429 1239 torum
451 1173 491 1238 ab
509 1174 668 1238 haereticis
686 1173 892 1238 interfectum
901 1197 912 1251 3
934 1178 967 1238 et
989 1178 1138 1236 sanctum
1154 1173 1272 1238 Scavil·

320 1276 442 1356 lanum,
458 1276 652 1361 episcopum,
667 1275 708 1341 ab
722 1276 834 1360 iniquo
852 1275 995 1360 principe
1008 1296 1137 1340 caesum.
1182 1276 1273 1342 Obiit

321 1379 495 1459 Walterus,
516 1378 615 1444 abbas
637 1381 741 1462 Burgi
751 1404 761 1458 3
783 1379 837 1444 cui
858 1378 1009 1444 successit
1028 1379 1210 1443 Willelmus
1232 1379 1273 1444 de

324 1481 453 1549 Hotott.

366 1585 562 1651 A.D.1246.
607 1584 789 1649 Willelmus
818 1583 1007 1668 praepositus
1037 1584 1274 1648 Beverlacensis

322 1687 427 1752 factus
451 1693 500 1752 est
520 1687 685 1772 episcopus
710 1687 955 1753 Sarisbiriensis.
1000 1686 1090 1750 Obiit
1106 1687 1273 1767 Ricardus,

323 1794 422 1860 abbas
434 1794 645 1879 croylandiae,
656 1794 819 1879 quondam
833 1792 1014 1858 cellerarius
1029 1791 1070 1857 de
1085 1792 1254 1878 Bardeney
1262 1819 1273 1872 3

324 1897 377 1962 cui
398 1898 550 1963 successit
569 1898 708 1962 Thomas
730 1898 771 1961 de
784 1897 899 1975 Welle,
914 1896 950 1959 in
972 1895 1121 1961 abbatem
1144 1897 1274 1961 electus.

324 2001 424 2065 Facta
438 2007 487 2065 est
501 2001 600 2065 etiam
614 2001 752 2065 mutatio
766 2006 905 2065 monetae
919 2019 976 2083 per
992 1999 1154 2084 Angliam.
1181 2000 1274 2064 Prin-

324 2103 409 2187 cipes
423 2103 625 2167 Alemauniae
640 2104 809 2186 elegerunt
824 2103 1041 2186 langravium
1056 2102 1173 2167 ducem
1187 2102 1274 2167 'Phu-

323 2206 438 2290 ringiae
451 2207 487 2271 in
501 2207 736 2290 imperatorem.

366 2311 452 2374 A.D.
467 2313 561 2376 1247.
607 2309 752 2393 Contigit
766 2315 860 2374 terrae
874 2314 982 2374 motus
996 2330 1055 2393 per
1068 2309 1192 2374 diversa
1205 2308 1276 2373 locs

324 2412 462 2501 Angdae,
482 2419 515 2477 et
535 2413 688 2477 lbenoiae.
734 2413 889 2477 Similiter
911 2412 1035 2479 decimo
1055 2433 1143 2476 nono
1163 2412 1275 2476 kalen-

325 2515 440 2580 darum
465 2515 614 2580 «Ianuarii
638 2515 774 2598 contigit
798 2515 923 2598 eclipsis
945 2517 1032 2580 lunae
1053 2515 1089 2579 in
1108 2521 1203 2579 nocte
1226 2537 1274 2580 se·

326 2625 455 2705 quente,
470 2619 540 2702 ipso
555 2620 741 2702 crepusculo
754 2619 940 2702 incipiente.

369 2722 454 2787 Ab).
473 2724 566 2786 1248.
613 2721 794 2786 Ludovicus
815 2744 872 2786 rex
889 2721 1033 2786 Franciae
1054 2727 1161 2786 moret
1183 2741 1276 2804 expe-

325 2825 481 2890 ditionem
494 2825 531 2888 in
545 2826 677 2890 'Perram
694 2825 857 2905 Sanctam,
872 2825 929 2890 ubi
940 2831 1015 2909 post
1030 2825 1142 2888 laetum
1158 2824 1276 2908 princi-

323 2929 424 3013 pium,
448 2928 575 2992 tristem
604 2928 728 2992 exitum
753 2933 803 2991 est
829 2928 979 2991 sortitus:
1012 2926 1164 2990 intrando
1188 2928 1276 2992 enim

323 3033 408 3116 capit
434 3033 627 3112 Damietam,
654 3039 687 3097 et
711 3054 767 3116 per
789 3031 971 3115 superbiam
995 3030 1128 3095 Roberti
1150 3031 1276 3095 comitis

324 3136 549 3201 Atrebatensis
566 3143 638 3221 post
655 3137 818 3201 modicum
839 3142 967 3219 tempus
985 3155 1085 3198 caesus
1104 3140 1151 3199 est
1167 3134 1275 3198 Chris-

322 3239 486 3304 tianorum
501 3241 667 3317 exercitus,
684 3240 798 3324 etipse
813 3245 925 3322 captus
940 3243 989 3302 est
1004 3237 1204 3302 Ludovicus:
1221 3237 1277 3301 sed

324 3341 393 3406 haeo
413 3349 532 3426 postea.
580 3343 741 3407 Henricus
763 3363 820 3406 rex
843 3341 936 3426 petiit
961 3339 1138 3404 subsidium
1158 3363 1178 3405 a
1196 3363 1276 3424 prae-

326 3445 412 3523 latis,
432 3446 521 3510 unde
535 3447 717 3510 Willelmus
738 3445 836 3510 abbas
856 3444 959 3527 Burgi
982 3441 1070 3507 dedit
1092 3443 1122 3508 ei
1145 3451 1278 3508 centum

323 3547 423 3611 libras
453 3547 589 3630 argenti,
618 3548 671 3614 cui
702 3547 831 3613 cedenti
860 3546 1011 3612 successit
1041 3546 1207 3610 lohannes
1237 3545 1278 3611 de

328 3651 457 3714 Kaleto.

368 3751 453 3816 Ab.
471 3754 567 3816 1249.
597 3752 779 3818 Ludovicus
793 3775 850 3818 rex
864 3754 948 3838 cepit
963 3753 1158 3832 Damietam,
1172 3758 1208 3817 et
1221 3773 1278 3818 rex

325 3855 454 3938 Angliae
479 3856 563 3938 cepit
589 3875 717 3920 crucem
742 3856 844 3940 pridie
873 3879 1031 3921 nonarum
1055 3856 1170 3921 Martii
1192 3855 1279 3940 apud

324 3958 649 4046 westmonasterium
660 3984 670 4037 3
709 3959 794 4042 quod
822 3959 886 4024 iter
913 3960 998 4024 filius
1028 3961 1097 4044 ejus
1127 3959 1277 4024 dominus

324 4064 500 4130 Edwardus
514 4069 626 4147 postea
639 4085 698 4147 pro
713 4085 750 4128 eo
765 4063 849 4127 fecit

367 4169 452 4234 Ab.
478 4170 572 4233 1250.
618 4167 708 4232 Obiit
730 4167 916 4232 Prodericus
937 4166 1121 4250 imperator,
1145 4166 1186 4231 ab
1208 4166 1278 4230 Au·

325 4279 430 4356 gusto,
447 4271 502 4356 qui
516 4272 639 4356 primus
653 4271 725 4352 fuit,
737 4272 965 4355 nonagesimus
980 4271 1124 4354 quintus.
1170 4271 1279 4335 Ludo·
