3212 5102
667 592 956 635 rararanaoassa.
1218 576 1280 638 125

330 707 404 770 dam
418 706 570 770 instituta
582 706 711 770 concilii
732 705 890 789 generalis
910 705 969 768 sub
991 702 1183 769 Innocentio
1201 729 1283 791 papa

329 810 491 888 celebrati,
503 832 577 875 cum
594 809 786 894 quibusdam
801 809 1044 893 adjectionibus,
1060 830 1117 892 pro
1132 810 1281 874 emenda-

328 915 417 978 tione
439 915 515 978 eleri
537 919 570 978 et
592 913 711 997 populi,
733 912 908 975 solenniter
930 919 1007 976 sunt
1029 912 1180 976 recitata:
1204 935 1282 996 quo-

328 1039 402 1080 rum
418 1017 482 1080 duo
496 1016 618 1080 nobilia
632 1016 684 1079 hic
699 1015 894 1078 insinuanda
908 1022 1006 1092 sunt,
1028 1037 1131 1078 unum
1147 1017 1188 1079 ad
1203 1037 1282 1099 prae-

329 1121 422 1199 latos,
449 1120 596 1182 videlicet
627 1118 713 1201 quod
742 1139 853 1181 omnes
883 1118 1016 1201 praelati,
1046 1124 1114 1182 tam
1145 1118 1283 1203 episcopi

330 1244 427 1307 quam
457 1221 599 1306 abbates,
626 1221 667 1284 ad
693 1242 816 1284 annum
843 1243 916 1284 suos
942 1222 1131 1285 camerarios
1156 1227 1283 1286 mutare

328 1332 511 1403 teneantur,
527 1331 565 1388 ut
586 1325 693 1408 plures
712 1323 853 1387 habeant
868 1330 966 1387 testes
982 1346 1048 1388 suae
1063 1325 1283 1390 sanctimoniae

329 1436 362 1492 et
386 1429 552 1493 eastitatis.
598 1427 698 1491 Aliud
720 1427 761 1491 ad
784 1426 948 1505 subditos,
973 1429 1059 1511 quod
1081 1450 1193 1492 omnes
1214 1435 1283 1492 tam

265 1610 269 1618 Ι
328 1533 480 1596 monachi
502 1553 599 1615 quam
621 1530 787 1608 moniales,
804 1551 1028 1615 quamcunque
1043 1531 1189 1613 regulam
1210 1553 1282 1614 pro-

329 1636 414 1714 fessi,
431 1635 530 1698 semel
552 1635 587 1697 in
609 1656 696 1697 anno
718 1633 948 1717 professionem
968 1655 1060 1696 suam
1080 1634 1116 1696 in
1135 1635 1283 1717 capitulis

330 1739 396 1802 suis
411 1738 518 1821 palam
534 1736 684 1801 omnibus
698 1736 893 1814 recitabunt,
909 1742 947 1798 ut
967 1758 1092 1820 semper
1110 1737 1197 1801 illius
1216 1759 1283 1801 me·

329 1863 433 1905 mores
459 1842 541 1905 fiant
567 1841 609 1904 ad
635 1842 742 1905 Deum
769 1841 957 1904 devotiores.
1003 1841 1045 1903 In
1071 1840 1205 1906 concilio
1228 1842 1284 1904 illo

330 1945 476 2008 sacerdos
500 1943 631 2027 quidam
656 1953 689 2008 et
713 1943 866 2006 diaconus
890 1950 967 2006 sunt
991 1943 1157 2027 degradati
1183 1965 1203 2007 a
1228 1945 1283 2008 do-

329 2048 419 2111 mino
442 2047 668 2111 Cantuariensi
695 2045 948 2130 archiepiscop03
976 2047 1122 2110 sacerdos
1146 2068 1203 2130 pro
1226 2047 1282 2110 ho-

329 2150 468 2228 micidio,
489 2149 641 2213 diaconus
655 2171 720 2232 pro
740 2148 904 2232 sacrilegio
925 2156 958 2212 et
977 2149 1074 2213 furto.
1120 2150 1283 2214 Diaconus

330 2251 421 2328 alius,
444 2251 499 2335 qui
519 2251 561 2314 ad
581 2251 784 2314 Judaismum
807 2273 826 2314 a
847 2251 910 2316 fide
925 2245 1175 2335 apostataverat,
1197 2260 1230 2317 et
1250 2275 1283 2317 se

329 2354 448 2418 fecerat
464 2355 657 2433 circumcidi,
674 2362 765 2418 extra
782 2355 948 2418 ecclesiam
969 2355 1162 2438 degradatus
1182 2355 1244 2420 fuit
1265 2378 1284 2418 a

330 2459 461 2522 domino
477 2459 704 2522 cantuariensi
718 2480 825 2523 coram
841 2459 968 2543 populo,
984 2466 1017 2523 et
1038 2467 1109 2542 post
1129 2458 1283 2541 degrada·

329 2563 453 2627 tionem
473 2563 613 2627 traditus
629 2562 752 2646 judicio
772 2563 893 2627 laicalis
908 2563 1014 2641 curiae,
1029 2563 1106 2646 igne
1124 2562 1283 2627 comburi-

329 2674 394 2730 tur.
441 2668 483 2730 In
501 2666 718 2750 degradando,
734 2689 835 2749 quum
856 2667 1111 2750 archiepiscopus
1130 2666 1282 2745 casulam,

311 2765 379 2833 'vel
399 2771 524 2847 stolam,
544 2770 595 2834 vel
615 2769 703 2832 aliud
723 2769 800 2853 quid
819 2768 926 2833 baculi
946 2771 1114 2853 pastoralis
1134 2770 1282 2835 extremi-

329 2880 397 2937 tate
427 2872 624 2936 sublevando
654 2879 826 2950 amoveret,
856 2871 906 2934 his
932 2873 1080 2935 terminis
1106 2895 1183 2936 usus
1213 2878 1282 2936 est:

329 2978 581 3040 Eaaaotoramus
596 2982 636 3039 te.
682 2977 809 3040 Ductus
830 2982 879 3039 est
899 2977 997 3040 etiam
1017 2977 1052 3038 in
1072 2977 1206 3040 concilio
1226 2977 1282 3039 lai-

329 3101 387 3144 cus
403 3080 543 3163 quidam,
565 3078 620 3162 qui
641 3100 675 3142 se
694 3079 882 3161 permiserat
902 3078 1056 3162 crucifigi,
1076 3080 1112 3143 in
1133 3100 1196 3162 quo
1215 3101 1283 3143 om-

330 3183 385 3245 nia
405 3182 590 3246 cicatricum
610 3181 745 3244 vulnera
764 3181 886 3244 Christi
907 3182 942 3243 in
964 3181 1123 3259 manibus,
1140 3187 1173 3244 et
1195 3181 1283 3265 pedi-

331 3284 403 3362 bus,
420 3292 453 3348 et
472 3284 572 3347 latere
592 3284 770 3366 perforatis,
792 3291 1019 3366 apparuerunt.
1064 3284 1216 3348 Adducta
1235 3293 1284 3348 est

331 3387 590 3470 etiamquaedam
605 3387 729 3466 mulier,
746 3409 817 3470 quae
832 3409 866 3450 se
881 3388 1026 3456 Mariam,
1035 3387 1234 3466 nominabat,
1250 3395 1284 3452 et

331 3489 464 3569 dixerat,
481 3489 568 3573 quod
581 3491 711 3553 missam
728 3496 853 3574 poterat
868 3489 1037 3568 celebrare,
1053 3487 1094 3554 ad
1109 3492 1194 3574 quod
1209 3493 1283 3556 caliss

331 3613 401 3656 cem
424 3599 457 3656 et
478 3599 631 3676 patenam
653 3593 812 3657 habebat:
836 3593 871 3656 hi
891 3593 955 3656 duo
974 3593 1011 3655 in
1031 3594 1130 3657 muris
1149 3595 1283 3679 lapideis

330 3696 457 3775 inclusi,
473 3697 572 3760 vitam
589 3697 815 3776 terminarunt,
837 3699 998 3761 non'cum
1017 3699 1159 3762 Domino
1178 3722 1283 3764 resur-

332 3807 454 3882 gentes.
501 3800 592 3864 Obiit
612 3802 774 3865 Robertus
797 3801 836 3863 de
859 3801 1029 3885 Lindesey,
1045 3802 1142 3866 abbas
1162 3806 1282 3889 Burgi3

332 3905 384 3967 cui
400 3904 551 3968 suecessit
567 3904 750 3968 Alexander
765 3905 873 3968 abbas.
919 3905 1098 3968 Pandulfus
1119 3928 1282 3971 conseera-

331 4008 436 4071 turin
452 4008 636 4090 episcopum
652 4009 902 4072 Norvvicensem.

376 4111 461 4175 A.D.
477 4113 570 4176 1223.
602 4111 693 4175 Obiit
709 4113 876 4196 Philippus
891 4134 947 4176 rex
961 4113 1105 4177 Franciae
1113 4140 1123 4192 3
1147 4115 1198 4178 eui
1214 4137 1283 4181 suc·

333 4215 427 4278 cessit
445 4214 636 4278 ¹Irudovieus
661 4216 894 4298 primogenitus
921 4216 999 4298 ejus.
1045 4217 1204 4282 Dominus
1228 4219 1283 4284 Jo-
