3216 5104
624 665 912 710 erraraununusn.
1180 644 1243 707 169

294 784 426 856 Calesiae
438 782 545 848 subito
556 783 735 848 declinavit.
774 784 949 866 Quumque
964 781 1041 848 talia
1056 786 1244 864 gererentur

292 889 327 951 in
343 887 486 966 Francia,
501 887 621 952 bellum
639 887 859 951 Dunelmense
879 887 965 950 inter
979 885 1104 968 Anglos
1120 891 1152 948 et
1169 885 1243 948 Sco-

292 999 342 1055 tos
358 999 484 1074 gestum
499 997 557 1070 est,
569 991 746 1074 vigintique
760 991 861 1054 millia
875 991 1047 1055 Scotorum
1062 1010 1142 1054 oaesa
1157 995 1242 1052 sunt.

295 1098 364 1160 Rex
386 1097 455 1179 ipse
481 1096 585 1159 David
608 1084 682 1160 cum
709 1095 819 1159 multis
845 1095 1014 1160 Scotorum
1039 1093 1244 1177 magnatibus
1330 1165 1333 1170 ¹

294 1207 532 1368 calbissiliriiz
565 1301 679 1385 Captio
695 1301 836 1380 Calesiae,
848 1301 989 1385 fugaque
1005 1300 1144 1384 Philippi
1159 1301 1244 1384 regis

295 1405 448 1483 Franciae,
472 1406 527 1488 qui
552 1427 652 1488 quum
676 1405 717 1468 ad
736 1404 966 1468 removendum
985 1404 1138 1486 Anglicos
1160 1403 1243 1467 obsi·

295 1510 407 1590 dentes
431 1510 589 1574 Calesiam
612 1533 686 1576 cum
707 1511 847 1576 maxima
872 1510 1080 1574 multitudine
1107 1518 1243 1574 armato-

293 1635 366 1677 rum
395 1613 641 1692 advenisset,·et
670 1636 725 1679 rex
749 1615 876 1698 Angliae
904 1613 1015 1697 proelio
1045 1635 1078 1677 se
1107 1621 1243 1696 pararet,

296 1716 401 1780 subito
416 1719 583 1782 nocturnis
598 1719 740 1783 tenebris
761 1724 865 1782 tectus
884 1717 985 1801 fugit:
1008 1716 1127 1781 mirum
1145 1716 1243 1794 dictu,

296 1820 382 1904 quod
398 1828 447 1884 tot
464 1822 578 1884 armati
591 1823 767 1904 fugerunt,
790 1823 922 1886 fuerunt
944 1821 1040 1900 enim,
1053 1822 1146 1906 juxta
1161 1821 1244 1885 aesti-

295 1923 480 2002 mationem,
496 1932 628 1988 centum
645 1931 677 1988 et
692 1924 807 2008 viginti
821 1923 930 1988 millia.

337 2029 536 2092 Α.1).]348.
583 2028 671 2093 Obiit
696 2029 826 2092 domina
840 2027 949 2091 Alesia
970 2027 1067 2111 Lacy,
1083 2025 1245 2090 comitissa

295 2130 480 2195 Lincolniae.
527 2129 616 2196 Obiit
639 2132 791 2216 magister
806 2131 944 2196 Thomas
960 2131 1062 2209 Beck,
1078 2129 1244 2213 episcopus

295 2233 548 2313 Lincolniensis3
565 2235 617 2298 cui
633 2235 785 2299 successit
797 2235 945 2298 dominus
958 2234 979 2297 J
980 2234 1122 2297 ohannes
1136 2233 1244 2317 Gync-

295 2339 376 2416 well,
392 2338 525 2402 clericus
540 2339 665 2402 comitis
682 2338 817 2402 Henrici
837 2338 1039 2402 Lancastn'ae.
1087 2336 1244 2400 Successit

296 2449 328 2504 et
343 2441 410 2525 ipse
426 2462 531 2506 comes
546 2441 743 2505 Lancastriae
763 2448 835 2525 post
850 2441 993 2505 Alesiam
1006 2440 1042 2505 in
1056 2440 1246 2504 comitatum

295 2545 480 2609 Lincolniae.
526 2544 617 2608 Obiit
646 2546 799 2628 magister
829 2545 994 2609 Johannes
1025 2545 1064 2609 de
1094 2543 1244 2622 Bedford‚

296 2648 548 2733 archiepiscopus
571 2648 810 2712 cantuariensis
819 2675 828 2728 3
852 2649 904 2712 cui
924 2648 1075 2713 successit
1094 2649 1246 2730 magister

296 2753 434 2816 Thomas
459 2753 677 2832 Bradwardin,
703 2752 814 2819 doctor
842 2753 878 2817 in
907 2753 1067 2837 theologia
1095 2753 1245 2816 literatis·

299 2857 409 2920 simus.

339 2961 537 3023 A.D.1349.
574 2959 759 3024 Mortalitas
780 2959 957 3039 hominum,
978 2966 1012 3024 et
1031 2959 1168 3023 maxime
1189 2981 1246 3043 po-

297 3062 466 3146 pularium,
489 3063 646 3146 incipiens
668 3062 754 3126 inter
778 3063 960 3140 Saracenos,
975 3083 1077 3147 usque
1100 3061 1141 3125 ad
1162 3061 1246 3124 deci-

297 3188 387 3230 mum
402 3166 565 3230 hominem
581 3188 692 3230 omncs
708 3165 857 3230 contrivit
868 3191 885 3252 ².
898 3165 974 3228 hinc
995 3172 1096 3229 terras
1112 3162 1245 3227 Christi-

298 3290 432 3333 anorum
452 3268 538 3353 apud
559 3269 701 3334 Rhodios
721 3270 874 3352 ingressa,
894 3270 971 3334 inde
992 3270 1029 3333 in
1053 3269 1194 3333 Siciliam
1213 3274 1246 3332 et

297 3370 436 3448 Italiam,
463 3392 520 3454 per
542 3371 704 3434 maritima
732 3371 768 3435 in
792 3372 960 3436 ibanciam
985 3380 1018 3437 et
1043 3373 1245 3450 Gasconiam,

297 3474 430 3537 tandem
451 3474 487 3537 in
508 3474 705 3538 Cornubiam
728 3475 863 3554 intrans,
888 3475 924 3538 in
949 3474 1071 3559 Anglia
1099 3475 1151 3538 vix
1179 3474 1246 3559 ple-

278 3576 346 3650 vbis
376 3578 473 3641 tertia
501 3585 592 3661 parte
621 3578 740 3656 relicta,
769 3600 878 3642 versus
906 3579 1046 3643 Scotiam
1075 3578 1245 3643 festinavit.

299 3681 388 3744 Obiit
411 3681 563 3764 magister
582 3681 720 3744 Thomas
741 3682 780 3747 de
801 3683 1018 3763 Bradwardin,
1040 3683 1246 3767 archiepisco-

298 3806 357 3868 pus
368 3785 607 3848 Cantuariensis
617 3811 626 3862 ;
642 3785 694 3848 cui
706 3787 859 3850 successit
870 3787 1024 3871 magister
1033 3788 1054 3851 J
1055 3788 1198 3852 ohannes
1208 3787 1247 3850 de

299 3887 421 3966 Offord,
432 3888 564 3952 clericus
576 3888 698 3951 domini
713 3889 797 3972 regis
805 3915 815 3968 3
838 3890 891 3954 cui
905 3891 990 3954 facto
1006 3890 1045 3954 de
1060 3891 1165 3955 medio
1177 3913 1246 3954 suc·

299 3991 393 4055 cessit
408 3991 561 4074 magister
574 3992 686 4055 Simon
696 3991 735 4056 de
747 3993 842 4076 Islep,
856 3993 966 4058 doctor
977 3995 1143 4077 utriusque
1155 3995 1246 4078 juris.

342 4097 427 4160 Am.
440 4100 534 4160 1350.
565 4098 725 4161 Dominus
739 4099 910 4180 Henricus,
923 4121 1027 4165 comes
1043 4101 1247 4180 Lancastriae,

299 4199 491 4278 leicestria,
515 4201 701 4279 Lincolniae,
725 4202 845 4286 Derby,
871 4209 903 4266 et
927 4203 1050 4282 Ferrar,
1074 4203 1176 4267 factus
1199 4211 1248 4267 cst

301 4304 365 4369 dux
381 4305 585 4371 Lancastriae.
