3216 5104
663 652 954 696 rnrmnunoussn.
1222 634 1285 699 137

375 767 460 832 An.
487 766 581 832 1242.
636 769 709 832 Rex
739 768 912 848 Henricus‚
942 774 981 832 ut
1010 765 1193 853 adquireret
1222 771 1284 836 sibi

331 878 433 935 terras
456 893 530 935 suas
547 871 787 950 transmarinae,
803 872 1021 936 transfretavit
1036 872 1072 937 in
1088 874 1282 939 Gasconiam

332 973 473 1038 secundo
497 995 600 1038 nonas
624 974 717 1053 Maii,
741 996 837 1058 quem
862 982 1061 1058 consequuta
1082 982 1130 1040 est
1152 976 1282 1042 domina

329 1078 451 1161 regina,
468 1099 539 1161 quae
555 1077 641 1161 apud
656 1077 872 1160 Burdegalam
887 1079 1012 1162 peperit
1026 1079 1136 1160 filiam,
1148 1082 1280 1145 nomine

331 1184 522 1247 Beatricem.
553 1182 710 1247 Ricardus
726 1183 823 1246 etiam
840 1205 945 1248 comes
961 1185 1143 1264 Comubiae,
1153 1185 1280 1250 rediens

329 1308 387 1371 per
415 1287 643 1351 Alemanniam
673 1287 713 1350 de
735 1287 834 1351 Terra
865 1288 994 1368 Sancta,
1019 1288 1059 1353 ab
1088 1289 1280 1373 imperatore

332 1390 501 1455 Frederico
515 1391 657 1454 multum
671 1390 861 1455 honoratur.
893 1391 1014 1454 Crebra
1028 1391 1184 1456 miracula
1198 1393 1282 1455 fiunt

332 1493 374 1557 ad
396 1493 541 1557 tumbam
567 1493 671 1558 sancti
696 1493 863 1557 Edmundi
886 1494 1113 1578 archiepiscopi
1139 1495 1281 1558 Cantus-

331 1597 445 1660 riensis
464 1596 550 1680 apud
569 1595 807 1661 Pontiniacum.
852 1596 1008 1660 'l'onitrna
1031 1617 1149 1679 magna
1170 1596 1282 1661 audita

331 1705 408 1762 sunt
438 1699 562 1763 decimo
592 1706 681 1762 sexto
709 1697 923 1762 kalendarum
948 1699 1116 1762 Januarii:
1149 1699 1282 1783 insuper

330 1801 443 1866 eodem
465 1823 552 1865 anno
574 1801 714 1866 secunda
735 1800 922 1884 compositio
944 1801 1030 1864 facta
1052 1808 1100 1865 est
1120 1801 1206 1865 inter
1225 1802 1280 1865 Ja-

328 1905 456 1984 oobum,
473 1904 624 1970 abbatem
638 1903 825 1968 monasterii
835 1903 923 1968 beati
937 1903 1065 1967 Nicolai
1075 1903 1281 1988 Andagaviae,

328 2013 364 2072 ct
392 2008 584 2091 praedictum
614 2006 790 2086 Simonem,
819 2007 959 2090 priorem
995 2006 1155 2090 prioratus
1190 2005 1280 2091 Spal-

331 2111 459 2196 dingiae.

376 2216 466 2280 A.D.
484 2217 579 2280 1243.
625 2214 735 2280 Rediit
750 2235 806 2278 rex
820 2213 950 2297 Angliae
970 2214 1010 2278 de
1027 2213 1195 2292 Gasconia,
1212 2211 1281 2277 sine

330 2319 432 2402 gloria
456 2318 507 2382 vel
528 2319 660 2383 honore.
720 2317 892 2400 'Pemplarii
923 2316 1009 2401 apud
1037 2316 1132 2380 Acon
1163 2315 1281 2399 Hospi-

329 2421 459 2486 talario·
473 2421 634 2486 hostiliter
649 2418 854 2498 obsederunt,
870 2424 904 2483 et
924 2419 961 2482 in
983 2439 1096 2483 eorum
1116 2425 1281 2483 contume-

328 2525 406 2589 liam
421 2530 454 2588 et
469 2530 702 2608 contemptum,
717 2529 848 2606 treugas
863 2543 921 2605 per
935 2522 1088 2586 comitem
1103 2521 1280 2586 Ricardum

329 2649 403 2692 cum
420 2627 560 2691 Soldano
581 2625 757 2711 Babylonis
778 2647 835 2709 per
853 2625 1025 2690 consilium
1047 2623 1281 2709 Hospitalario-

326 2753 400 2795 rum
436 2731 614 2815 prudenter
641 2730 749 2810 initas,
779 2729 1074 2812 imprudentissime
1106 2729 1279 2793 violarunt.

327 2835 443 2899 Petrus
460 2834 499 2898 de
514 2832 644 2918 Rochys
653 2833 825 2917 ,episcopus
840 2831 1075 2896 Wintoniensis
1091 2830 1181 2895 obiit.

369 2937 455 3001 A.D.
487 2939 581 3000 lam
638 2935 732 3001 Misit
769 2935 919 2998 dominus
949 2955 1032 3018 papa
1060 2933 1096 2996 in
1125 2932 1280 3015 Angliam

326 3041 489 3124 quendam
517 3039 663 3124 pecuniae
692 3044 896 3116 extortorem,
928 3036 1053 3100 dictum
1084 3034 1279 3118 magistrum

325 3145 519 3222 Martinum,
541 3165 609 3208 non
634 3142 790 3224 legatum,
816 3141 871 3204 sed
896 3138 996 3221 legati
1024 3143 1217 3221 potestatem
1243 3136 1279 3198 in

325 3247 475 3312 omnibus
511 3246 778 3331 praetendentem.
831 3241 1092 3306 Nefandissimus
1121 3238 1275 3322 proditor,

324 3350 488 3414 Walterus
503 3350 604 3428 Biset,
620 3370 696 3413 cum
711 3345 931 3430 complicibus,
948 3365 1015 3408 non
1037 3342 1162 3407 destitit
1186 3363 1278 3406 aures

325 3453 429 3537 regias
458 3454 635 3532 incantare,
661 3471 827 3536 quousque
857 3447 973 3533 grandi
996 3446 1139 3510 exercitu
1163 3444 1279 3509 coadu-

325 3565 413 3636 nato,
429 3563 542 3622 contra
556 3556 777 3620 Alexandrum
795 3575 905 3636 regem
922 3550 1037 3614 Scotiae
1056 3555 1163 3634 partes
1184 3548 1279 3632 petiit

326 3663 487 3729 boreales:
511 3663 564 3726 cui
578 3683 653 3726 cum
672 3657 900 3724 innumerabili
914 3654 1126 3720 multitudine
1142 3652 1281 3718 occurrit

325 3789 383 3832 rex
413 3765 530 3831 Scotiae
558 3785 661 3848 usque
690 3762 881 3838 Pestelant3
919 3757 975 3822 sed
1012 3756 1053 3820 ad
1088 3756 1277 3820 instantiam

323 3871 462 3935 maxime
484 3866 712 3952 archiepiscopi
732 3860 953 3941 Eboracensis,
975 3865 1008 3924 et
1030 3858 1166 3923 aliorum
1187 3879 1278 3942 mag·

325 3979 450 4052 natum,
467 3970 652 4036 concordati
667 3975 755 4032 sunt.

367 4076 452 4140 A.D.
470 4077 566 4139 1245.
611 4069 823 4137 Innocentius
844 4088 927 4152 papa
944 4065 996 4130 IV
1011 4062 1182 4128 celebravit
1202 4082 1278 4124 con-

325 4180 436 4246 cilium
451 4177 680 4262 Lugdunense,
695 4174 732 4237 in
747 4193 810 4258 quo
825 4169 959 4236 concilio
972 4169 1146 4251 imperator
1160 4164 1277 4227 Frede-

323 4284 409 4349 ricus
425 4287 474 4347 est
489 4280 663 4365 depositus,
678 4283 836 4360 tanquam
854 4271 956 4338 hostis
974 4269 1114 4336 ecclesiae
1128 4265 1279 4332 condem-
