3216 5104
370 617 434 682 170
671 635 867 680 cuuourcou
885 637 1021 682 666616

411 753 495 818 Α.Ι).
513 755 608 816 1351.
642 750 771 818 Bellum
785 753 898 819 navale
912 753 999 818 16166
1012 752 1137 836 Anglos
1151 760 1185 818 61
1201 754 1316 838 Η1666-

368 855 581 939 nos,victique
591 861 667 919 6661
673 856 824 939 Hispani:
840 857 948 920 classis
958 878 1070 920 eorum
1079 863 1172 940 capta
1181 864 1315 922 esttota.

410 960 495 1024 Α.Ι).
518 961 613 1023 1353.
652 958 743 1022 Obiit
768 959 910 1024 Thomas
934 961 974 1024 de
997 960 1209 1044 Nassington,
1233 960 1319 1045 prior

370 1063 584 1147 Spaldingiae3
617 1063 672 1147 qui
697 1064 734 1127 iu
758 1064 879 1128 Christi
904 1065 985 1128 ovile
1008 1066 1062 1149 pio
1088 1088 1145 1130 suo
1170 1066 1320 1150 regimini

368 1167 598 1251 mancipatum,
620 1167 666 1251 [a]
688 1167 806 1232 saniori
824 1177 914 1251 parte
930 1177 1107 1233 conventus
1127 1170 1246 1234 electus
1266 1192 1318 1234 ex-

368 1271 479 1336 titerat
502 1270 649 1356 gratiose,
669 1271 745 1335 11661
766 1271 913 1356 pluribus
934 1271 1097 1337 laboribus
1120 1280 1153 1338 et
1174 1274 1319 1357 expensis

368 1394 426 1458 666
452 1374 612 1458 quendam
638 1374 739 1439 Jacob
765 1375 805 1438 de
833 1375 984 1458 Haghem
1014 1398 1110 1440 suum
1137 1398 1318 1441 commona-

369 1478 464 1542 chum
482 1478 538 1542 diu
552 1478 744 1562 impeditum
767 1479 823 1562 qui
843 1486 964 1543 statum
978 1479 1078 1562 ipsius
1091 1480 1127 1543 in
1142 1481 1318 1545 66616666-

369 1582 514 1659 cellariae,
531 1603 568 1646 ac
588 1581 686 1647 etiam
704 1582 860 1660 Romana,
881 1583 1087 1666 postmodum
1106 1605 1164 1667 per
1183 1592 1320 1667 quatuor

369 1685 555 1764 confratres,
578 1693 616 1748 ut
639 1686 783 1765 asseruit,
807 1687 975 1764 coelectos,
1000 1687 1137 1770 strepitu
1160 1694 1193 1751 61
1215 1688 1319 1770 figura

366 1788 481 1873 judicii
500 1788 664 1852 nitebatur
683 1789 847 1855 infirmare
855 1815 865 1868 3
887 1796 925 1854 ut
945 1791 1022 1874 ipse,
1039 1798 1163 1854 cassata
1176 1791 1320 1875 predicti

370 1892 500 1956 Thomae
515 1892 679 1970 electione,
701 1893 736 1955 in
755 1893 896 1976 priorem
910 1893 950 1958 de
967 1894 1154 1977 Spaldingia
1168 1895 1320 1959 canonice

370 1996 599 2079 praefigeretur.
638 1994 785 2059 Probatis
800 1995 943 2062 moribus
958 2003 991 2060 et
1005 1997 1142 2062 honesta
1155 2018 1320 2061 conversa-

370 2097 469 2176 tione,
490 2096 713 2184 bonorumque
734 2105 866 2164 actuum
886 2099 1028 2183 ejusdem
1051 2100 1192 2180 Thomae,
1214 2100 1320 2184 probi-

371 2208 439 2266 tate
459 2223 496 2266 ac
515 2202 669 2286 religione
689 2203 812 2266 munda
831 2209 927 2285 atque
949 2225 1039 2286 pura,
1059 2209 1097 2266 61
1118 2203 1190 2288 6166
1212 2210 1320 2288 pastor

371 2304 412 2369 ad
434 2306 539 2389 gregis
562 2305 623 2370 sibi
644 2306 805 2370 commissi
826 2306 1004 2384 munimen,
1029 2314 1062 2372 et
1084 2308 1226 2372 solamen
1249 2330 1320 2372 suo·

370 2430 444 2472 rum
465 2415 666 2492 perpetuum,
683 2410 771 2494 gravi
785 2410 941 2474 instantia
956 2410 1006 2474 sui
1020 2418 1205 2491 conventus,
1220 2411 1321 2478 hono·

370 2512 459 2576 rifioe
474 2518 543 2576 erat
557 2513 738 2598 restitutus.

413 2613 498 2677 Α.Ι).
517 2615 611 2678 1354.
649 2615 726 2678 Dux
745 2615 940 2680 Lancastriae
962 2624 995 2681 61
1018 2617 1183 2701 episcopus
1197 2618 1323 2684 Norwi-

371 2717 473 2782 censis
482 2717 675 2780 Avinionem
685 2717 844 2798 adierunt,
856 2741 914 2803 pro
924 2740 1001 2803 pace
1013 2741 1187 2803 regnorum
1196 2743 1322 2805 compo-

369 2821 477 2886 nenda
491 2842 599 2886 coram
614 2820 743 2885 domino
758 2843 841 2906 papa
849 2849 858 2900 3
885 2823 942 2885 ubi
956 2824 1122 2907 episcopus
1136 2824 1323 2890 Norwicen·

370 2927 412 2990 616
434 2925 619 3010 potionatus
639 2924 729 2989 obiit.
775 2925 851 2990 Dux
873 2926 1078 3006 Leucastriae,
1095 2928 1176 2994 Julii
1190 2929 1323 2993 Caesaris

372 3029 507 3108 cautela,
522 3029 622 3093 evasit
638 3027 677 3092 (16
693 3027 790 3108 curia,
807 3035 840 3094 61
856 3029 961 3092 salvus
975 3029 1011 3093 16
1025 3030 1180 3113 Angliam
1194 3032 1294 3096 venit.

415 3133 499 3198 Α.Ι).
518 3135 613 3197 1355.
651 3132 810 3198 Dominus
831 3153 888 3198 rer
908 3133 1006 3197 adivit
1024 3134 1206 3215 Franciam,
1222 3142 1256 3200 61
1271 3135 1326 3201 do·

371 3237 479 3302 minus
493 3237 641 3321 princeps
654 3236 857 3301 Garconiam.
904 3237 974 3302 Rex
989 3247 1109 3317 autem,
1126 3239 1323 3322 6661116666-

372 3341 460 3405 tione
476 3341 620 3420 Berwici,
638 3361 696 3424 per
710 3347 783 3405 6616
798 3341 900 3404 dietas
915 3342 1050 3407 Francia
1065 3343 1258 3426 depraedata,
1274 3367 1324 3409 66-

373 3444 432 3508 diit
441 3471 450 3522 3
474 3451 507 3508 61
521 3445 556 3508 16
570 3444 640 3527 1666
653 3444 769 3528 hyeme
785 3445 961 3510 exercitum
979 3446 1014 3509 16
1035 3446 1176 3511 Scotiam
1196 3448 1325 3527 ducens,

373 3548 552 3612 Berwicum
566 3547 696 3632 recepit.

415 3652 501 3715 Α.Ι).
534 3651 628 3716 1356.
678 3651 837 3716 Dominus
866 3651 1014 3736 princeps
1043 3653 1199 3737 equitavit
1229 3677 1326 3740 super

374 3755 543 3819 Fbanciam
571 3777 673 3838 usque
703 3755 744 3820 ad
772 3755 971 3834 Narbonem,
997 3779 1068 3840 quae
1093 3759 1206 3842 magni
1228 3759 1327 3823 maris

373 3867 485 3944 portus
500 3866 558 3939 est,
574 3881 705 3925 omnem
718 3868 838 3924 terram
854 3861 1023 3925 devastans
1031 3888 1041 3940 5
1064 3883 1122 3946 per
1136 3870 1326 3947 montesque

374 3961 563 4045 Arragoniae
582 3970 615 4026 61
637 3963 803 4046 Hispaniae
817 3963 853 4026 in
869 3964 1072 4045 Gasconiam,
1088 3986 1237 4050 prospere
1252 3988 1326 4031 cum

375 4072 445 4131 toto
461 4066 602 4131 exercitu
616 4067 726 4130 multis
740 4066 867 4150 praediis
883 4068 984 4133 ditato
999 4089 1143 4133 reversus
1158 4078 1217 4135 est.

420 4171 505 4235 AD.
532 4173 626 4237 1357.
671 4171 839 4260 Dominus
868 4172 1017 4256 princeps
1046 4173 1201 4262 equitavit
1230 4195 1327 4258 super

379 4275 547 4340 Franciam
565 4297 666 4360 usque
685 4275 833 4340 Parisios.
879 4275 1040 4341 Omnibus
1059 4277 1212 4361 pontibus
1232 4278 1326 4361 Lige-
