3218 5098
373 629 414 693 72
668 643 865 688 cnaonrcou
882 643 1017 732 ausura

380 807 383 812 -
414 760 573 826 Matthias
596 759 693 824 abhas
714 759 818 823 factus
841 765 890 822 est
911 765 984 841 post
1007 757 1201 822 Godericum
1224 755 1322 821 abba-

371 871 448 943 tem,
472 864 527 946 qui
552 885 619 926 uno
647 884 732 926 anno
760 863 888 946 praefuit
913 861 1053 926 ecclesiae
1079 861 1261 943 Burgensi3
1288 866 1322 922 et

372 967 485 1032 eodem
506 965 567 1044 die,
590 987 653 1049 quo
673 973 819 1048 receptus
839 973 898 1043 est,
920 986 1006 1028 anuo
1025 965 1178 1041 revoluto
1200 984 1238 1026 ex
1261 963 1323 1025 hac

373 1071 438 1135 vita
454 1069 610 1134 decessit:
633 1069 686 1132 hic
701 1069 857 1132 concessit
872 1067 964 1131 fratri
979 1089 1037 1131 suo
1054 1067 1199 1130 Galfrido
1214 1087 1326 1129 mane-

374 1174 460 1237 rium
480 1173 520 1237 de
539 1172 701 1256 Pytteslee
721 1172 762 1235 ad
783 1172 919 1234 firmam.
964 1171 1144 1254 Imperator
1163 1169 1327 1233 Henricus

374 1255 491 1361 papam
505 1277 595 1340 valde
610 1275 753 1338 minatur
768 1283 801 1338 et
815 1275 1001 1338 insectatur.

418 1381 616 1444 A.D.1104.
655 1378 775 1442 Circuli
795 1386 933 1461 quatuor
953 1378 1037 1441 cirea
1057 1377 1157 1440 solem
1170 1375 1229 1440 visi
1249 1382 1327 1438 sunt

376 1483 442 1548 albi
461 1482 585 1561 eoloris,
606 1482 690 1546 circa
708 1481 822 1546 horam
842 1487 974 1559 sextam,
996 1480 1085 1563 quasi
1108 1478 1226 1562 depicti
1247 1478 1327 1541 fuis-

377 1593 459 1651 sent.
493 1587 619 1670 Corpus
631 1585 735 1650 sancti
750 1585 931 1662 euchberti,
947 1584 1111 1667 quondam
1125 1583 1325 1648 Dunelmen·

378 1691 420 1754 sis
436 1688 584 1774 episcopi,
602 1689 836 1772 incorruptum,
857 1695 890 1750 et
909 1687 956 1751 ita
973 1686 1111 1750 flexibile
1131 1693 1169 1750 nt
1188 1686 1250 1749 vivi
1269 1685 1329 1749 ho·

379 1793 485 1871 minis,
505 1799 679 1876 repertum,
696 1799 729 1856 ct
748 1792 783 1855 in
803 1813 919 1854 novam
940 1789 1104 1854 ecclesiam
1124 1796 1173 1854 est
1192 1789 1329 1852 transla-

377 1904 460 1976 tum,
476 1918 563 1960 auno
577 1895 784 1979 depositionis
799 1895 944 1979 ejusdem
958 1893 1182 1958 trecentesimo
1196 1901 1229 1956 et
1245 1893 1330 1956 deci·

379 2023 433 2064 mo
453 2007 582 2064 octavo:
605 1999 789 2063 Alexander
810 2006 890 2062 tunc
909 2020 1024 2075 comes,
1046 2004 1157 2080 postea
1174 2017 1232 2060 rex
1253 1996 1330 2060 Sco·

380 2104 444 2182 tiae,
464 2125 501 2167 eo
522 2103 608 2186 quod
629 2102 706 2166 huic
729 2103 915 2166 revelationi
936 2102 1094 2179 interfuit,
1110 2122 1237 2184 capsam
1260 2101 1330 2183 eius

380 2207 505 2290 corpori
526 2228 563 2270 ex
587 2213 722 2289 argento
741 2215 774 2270 et
794 2228 874 2270 auro
891 2206 968 2271 fecit
986 2204 1145 2269 fabricari.
1192 2205 1332 2267 Sanctus

382 2310 528 2374 Wulsius
544 2310 738 2374 anachoreta
752 2324 784 2374 et
798 2311 951 2387 inclusus,
963 2310 1066 2392 primo
1078 2308 1162 2392 apud
1178 2308 1332 2391 Croylan·

383 2414 479 2492 diam,
496 2420 529 2476 et
544 2413 658 2478 exinde
673 2414 772 2477 oculis
786 2413 885 2476 fascia
903 2413 1011 2496 ligatis
1026 2412 1068 2476 ad
1082 2412 1240 2475 Evesham
1255 2411 1333 2474 duc·

383 2523 446 2595 tus,
471 2524 504 2581 et
532 2515 578 2579 ibi
603 2523 756 2596 moratus,
782 2515 841 2581 sub
867 2515 982 2580 habitu
1007 2514 1188 2579 monachali
1213 2513 1335 2578 vixerat

385 2619 478 2683 annis
494 2619 698 2703 septuaginta
712 2626 745 2683 et
761 2619 913 2702 quinque,
925 2617 1117 2712 obdormivit
1130 2618 1167 2680 in
1181 2617 1333 2681 Domino.

376 2717 454 2790 ‘Iste
463 2727 569 2790 villam
585 2726 625 2789 de
640 2725 745 2789 Badbi
759 2726 863 2809 primo
874 2724 1075 2808 Croylandiae
1091 2723 1239 2787 dederat:
1263 2744 1335 2806 pos-

385 2837 439 2893 tea
468 2829 509 2893 ad
532 2829 692 2892 Evesham
716 2828 858 2907 veniens,
882 2827 1061 2892 manerium
1086 2827 1126 2891 de
1149 2826 1335 2909 Neuhamp‚

387 2954 462 2996 cum
476 2931 600 3017 Badby,
617 2933 658 2996 ad
673 2932 837 2996 ecclesiam
852 2931 1123 2995 Eveshamensem
1143 2929 1337 3012 assignavit;

388 3035 430 3099 ad
452 3035 544 3119 cujus
567 3035 715 3099 tumbam
738 3035 843 3098 multa
865 3034 1020 3097 miracula
1045 3054 1065 3096 a
1088 3033 1229 3096 Domino
1251 3032 1338 3095 facta

389 3145 474 3217 sunt,
505 3160 576 3222 quae
604 3138 708 3202 tribus
737 3138 827 3202 libris
862 3137 987 3220 scripsit
1016 3135 1171 3219 magister
1199 3136 1338 3198 Thomas

388 3241 602 3306 Norwicensis
616 3241 860 3306 Eveshamensis
875 3239 1062 3304 monachus.

433 3346 518 3410 A.D.
536 3348 630 3410 1105.
662 3346 822 3410 Robertus
838 3344 877 3408 de
893 3345 1051 3421 Belesm0‚
1063 3364 1139 3407 cum
1154 3342 1219 3405 suis
1232 3341 1339 3405 fratri·

389 3449 460 3527 bus,
482 3471 519 3512 ae
538 3449 720 3512 Willelmus
740 3449 855 3513 Comes
875 3447 1048 3524 Meretolii‚
1072 3445 1283 3510 seditionibus
1305 3451 1340 3508 et

390 3551 548 3615 incendiis
573 3551 810 3616 Normanniam
836 3549 1082 3632 depopulantur.
1128 3547 1341 3634 Provinciales

392 3654 535 3720 Roherto
559 3654 678 3732 comiti,
702 3661 861 3736 quatenus
885 3661 1044 3716 coerceret
1068 3652 1243 3731 seditiosos,
1266 3673 1342 3716 con·

393 3765 583 3839 queruntur,
598 3763 784 3838 precantes3
807 3758 944 3820 sednon
959 3756 1088 3820 exaudit
1104 3777 1174 3820 eos:
1197 3755 1285 3818 unde
1301 3753 1342 3818 ad

392 3880 502 3942 regem
528 3857 708 3922 Henricum
733 3860 809 3942 ipsae
835 3860 980 3944 quaerelae
1006 3868 1055 3922 sat
1084 3858 1343 3943 lacrymabiliter,

395 3971 552 4047 quatenus
582 3963 693 4047 patriae
728 3963 878 4046 pereunti
907 3972 1081 4041 succurrat,
1112 3963 1226 4026 delatae
1255 3969 1343 4024 sunt.

395 4057 623 4131 Fluctuantem
645 4066 835 4130 mandatum
858 4066 980 4130 domini
1001 4088 1092 4149 papae
1115 4064 1286 4142 Paschalia‚
1306 4063 1347 4127 ad

397 4169 597 4254 eripiendum
609 4171 716 4234 natale
728 4171 828 4234 solum
843 4170 883 4234 de
894 4169 1067 4254 tyrannide
1082 4176 1132 4234 tot
1146 4169 1345 4252 praedonum,

397 4274 563 4359 pietasque
592 4275 905 4357 comprovincialium
941 4274 974 4338 id
1011 4273 1206 4356 rogantium,
1238 4291 1348 4354 regem
