3218 5098
607 665 898 710 rursiaunasasr.
1188 651 1227 712 71

273 781 421 864 deposuit
446 780 588 860 abbates,
609 782 659 848 vel
681 790 813 867 propter
836 782 1007 847 simoniam
1026 783 1077 847 vel
1095 790 1227 868 propter

273 885 369 948 aliam
384 885 457 948 vitae
471 884 647 949 infamiam.
693 886 841 969 Depositi
856 892 933 950 sunt
947 906 1024 969 ergo
1039 887 1226 970 Burgensis‚

272 989 483 1067 Persorcnsis‚
509 988 660 1067 Eliensis,
686 988 726 1052 de
754 989 873 1053 Sancto
897 988 1081 1067 Edmundo,
1110 989 1227 1052 Rame-

272 1090 394 1170 siensis,
429 1092 641 1170 Cernelensis,
679 1091 930 1170 Midiltcnensis,
969 1091 1225 1170 Tavestokensis,

273 1194 525 1258 Michelniensis.
572 1195 642 1258 Rex
660 1201 769 1258 autem
787 1194 948 1258 Henricus
969 1193 1058 1259 dedit
1074 1194 1223 1274 Mariam,
1307 1193 1312 1202 '

271 1318 412 1361 sororem
441 1297 562 1380 reginae
592 1297 749 1376 Matildis,
780 1297 955 1362 Eustachio
990 1297 1100 1361 comiti
1129 1298 1225 1362 Bolo-

270 1399 385 1478 niensi,
412 1399 531 1465 seniori
552 1400 645 1464 fratri
668 1399 834 1464 Godefridi
860 1407 893 1464 et
915 1399 1082 1478 Baldwini,
1109 1421 1223 1483 regum

271 1503 450 1567 Jerusalem
465 1503 525 1568 hcc
540 1509 694 1586 tempore,
708 1502 744 1565 in
758 1524 901 1567 uxorem.
948 1503 1109 1566 Robertus
1124 1503 1224 1566 etiam

271 1605 311 1668 de
340 1606 498 1684 Belesm0‚
525 1606 628 1690 major
647 1605 787 1669 filiorum
814 1605 933 1688 Rogeri
955 1604 995 1668 de
1017 1605 1134 1668 Monte
1158 1604 1223 1668 Go-

271 1709 398 1786 mericc‚
414 1709 604 1774 seditionem
626 1729 758 1774 movens
777 1715 890 1772 contra
908 1728 1028 1790 regem,
1045 1713 1078 1772 et
1094 1707 1224 1771 castella

270 1833 338 1891 sua,
353 1813 468 1896 Brigas
491 1819 524 1876 et
542 1812 768 1890 Arundellum,
790 1811 832 1875 ad
852 1811 975 1875 bellum
997 1810 1223 1874 sustinendum

270 1915 429 1994 muniens,
453 1923 525 2000 post
550 1915 687 1998 grandes
710 1921 881 1998 apparatus
905 1913 967 1978 levi
990 1913 1142 1978 subactus
1166 1935 1222 1978 ne·

270 2019 367 2102 gotio,
383 2019 485 2083 claves
502 2018 795 2096 Scrobesbiriensis,
811 2024 1062 2100 caeterorumque
1078 2017 1223 2082 castello·

269 2142 343 2184 rum
372 2143 513 2200 suorum,
544 2142 601 2204 per
631 2121 809 2185 Radulfum
842 2119 993 2184 abbatem
1024 2119 1221 2202 Sagieusem,

269 2229 380 2306 postea
416 2223 688 2310 archiepiscopum
726 2223 1003 2301 Cantuariensem,
1031 2222 1221 2286 transmisit·

269 2325 330 2390 hac
359 2327 561 2405 conditione;
600 2336 639 2390 ut
668 2327 795 2409 integra
824 2326 970 2408 omnium
1003 2325 1242 2391 membrorum·

269 2446 400 2490 suorum
420 2427 524 2491 sainte
547 2427 707 2492 sineretur
730 2427 967 2491 Normanniam
989 2427 1085 2493 abire.
1132 2429 1222 2512 Rege

268 2529 329 2595 hoc
344 2531 550 2609 concedente,
572 2531 732 2594 Rcbertus
754 2552 829 2594 cum
848 2529 1012 2608 fratribus,
1027 2530 1167 2594 Arnuifo
1188 2537 1222 2594 et

269 2635 405 2717 Rogero,
421 2634 575 2717 Angliam
589 2640 745 2718 perpetuo
760 2633 961 2716 abjurarunt.

311 2738 396 2802 A.D.
415 2736 520 2802 1103.
543 2737 656 2801 Gravis
672 2736 831 2801 discordia
843 2737 930 2800 inter
943 2757 1054 2819 regem
1069 2744 1102 2801 ct
1118 2736 1220 2800 archi:

268 2837 452 2922 episcopum
465 2838 668 2916 Anselmum‚
685 2859 723 2903 eo
739 2838 825 2922 quod
840 2859 908 2902 non
923 2839 1096 2917 consensit,
1111 2845 1150 2902 ut
1164 2860 1220 2902 rex

266 2941 471 3006 investituras
494 2941 721 3006 ecclesiasticas
744 2942 915 3021 conferret,
943 2964 1003 3006 nec
1029 2964 1083 3008 eos
1109 2964 1219 3008 conse-

266 3065 355 3108 crare
379 3045 481 3123 vellet,
505 3043 621 3128 quibus
645 3066 701 3108 rex
725 3044 926 3129 episcopatus
949 3045 1090 3124 dederat,
1113 3067 1218 3129 neque

267 3168 341 3211 cum
366 3148 412 3211 eis
433 3148 680 3212 communicare.
725 3148 824 3212 Unde
849 3170 906 3213 rex
930 3148 1075 3213 Gerardo
1097 3149 1219 3212 Ebora·

265 3252 353 3315 censi
375 3251 609 3336 archiepiscopo
631 3252 782 3336 praecepit
805 3273 858 3317 eos
881 3273 1078 3331 consecrare,
1094 3259 1127 3316 et
1148 3252 1217 3334 qui-

267 3353 340 3418 dam
364 3354 541 3419 consecrati
567 3361 643 3418 sunt
654 3381 665 3434 ;
690 3355 806 3439 reliqui
830 3355 1030 3438 episcopatus
1053 3355 1216 3437 resignare

265 3457 460 3537 maluerunt,
481 3464 513 3521 et
534 3458 580 3522 sic
598 3458 756 3538 fecerunt,
773 3481 871 3542 quam
891 3464 1006 3522 contra
1024 3457 1165 3521 ecclesiae
1185 3464 1218 3523 et

265 3561 433 3624 canonicas
452 3562 634 3625 sanctiones
649 3562 838 3626 consecrari.
883 3561 1059 3626 Anselmus
1075 3581 1151 3644 ergo
1167 3583 1216 3624 ar·

263 3663 491 3749 chiepiscopus,
506 3671 580 3748 post
599 3665 718 3729 multas
739 3665 874 3748 injurias
890 3686 910 3728 a
923 3685 999 3747 rege
1014 3671 1048 3728 et
1063 3663 1218 3728 ministris

264 3767 333 3850 ejus
362 3767 423 3831 sibi
451 3767 561 3847 factas,
594 3769 732 3832 Romam
761 3768 869 3833 adivit.
925 3767 1087 3832 Rcbcrtus
1110 3789 1217 3832 comes

263 3870 483 3950 Ncrmauniae,
499 3872 598 3935 trater
612 3872 706 3955 regis,
722 3872 758 3935 in
772 3871 927 3954 Angliam
938 3871 1080 3950 veniens,
1096 3871 1138 3935 ad
1152 3872 1216 3954 pri-

263 3996 331 4038 mas
353 3996 462 4057 preces
482 3975 612 4059 reginae,
631 3975 790 4039 tributum
812 3976 912 4040 trium
934 3974 1073 4040 millium
1095 3996 1216 4038 marca-

262 4099 345 4156 rum,
370 4077 522 4142 anteriori
546 4100 632 4142 anno
658 4079 860 4162 promissum,
884 4085 917 4142 et
941 4077 1039 4142 semel
1063 4077 1215 4154 solutum,

262 4179 410 4264 deinceps
440 4181 643 4245 condonavit.
704 4181 836 4246 Morina
865 4181 1054 4246 animalium
1065 4207 1075 4258 3
1106 4179 1215 4263 fruges

261 4284 342 4347 aeris
357 4284 548 4368 intemperie
562 4284 736 4367 perierunt.
