3218 5098
366 591 409 652 50
669 605 864 650 cnaourcou
882 605 1019 649 aucuia

364 724 492 809 phanias
516 722 601 807 apud
618 721 823 786 Gloverniam
845 727 893 785 est
916 721 1060 784 allatum.
1107 720 1149 782 In
1172 721 1320 803 sequenti

366 827 499 904 Pascha,
514 826 593 889 feria
616 825 765 901 secunda,
784 823 960 888 Godwinus
976 824 1017 888 ad
1031 843 1178 887 mensam
1192 824 1277 906 regis
1300 845 1319 887 a

365 952 442 1014 rege
457 929 496 993 de
508 929 616 993 fratris
631 949 710 992 nece
725 929 918 1008 increpatus,
931 949 1005 990 eum
1020 927 1078 990 tali
1090 927 1319 1009 imprecatione

366 1056 399 1098 se
420 1033 584 1098 excusavit
604 1031 733 1094 dicens:
758 1036 778 1066 “
793 1032 837 1108 Si,
858 1031 975 1114 inquit,
997 1053 1071 1094 reus
1094 1032 1210 1095 fuerim
1232 1033 1319 1097 necis

365 1139 444 1221 ejus,
459 1159 527 1200 non
542 1157 593 1199 me
608 1122 809 1219 pertranseat
824 1135 991 1198 morsellus
1006 1135 1100 1198 iste.''
1125 1136 1182 1199 -Et
1197 1136 1319 1198 factum

365 1248 414 1305 est
441 1241 624 1304 aDomino
649 1246 686 1302 ut
708 1239 851 1321 rogavit3
878 1239 1051 1302 suffocatus
1078 1237 1166 1302 enim
1189 1245 1320 1320 gustata

363 1343 516 1421 buccella,
529 1363 586 1426 per
596 1343 692 1426 pedes
707 1341 914 1418 abstrahitur,
925 1348 958 1404 et
972 1341 1008 1403 in
1022 1342 1143 1424 reginae
1158 1362 1316 1404 cameram
1413 1381 1416 1386 -

365 1447 562 1531 deportatur.
623 1446 716 1509 Feria
744 1465 818 1508 vero
848 1444 962 1527 quinta
991 1451 1146 1526 sequente
1174 1444 1319 1528 proditor

364 1550 541 1614 multorum
565 1548 620 1612 sed
643 1548 805 1612 convictus
822 1546 920 1609 avita
943 1546 1088 1624 decessit,
1105 1548 1197 1630 cujus
1220 1548 1318 1609 comi-

363 1659 452 1716 tatus
483 1652 548 1716 fflio
577 1672 635 1715 suo
666 1651 820 1728 Haroldo,
850 1649 908 1713 viz.
936 1650 1170 1728 Westsaxonia,
1198 1671 1217 1712 a
1241 1671 1318 1732 rege

365 1755 514 1833 donatur,
535 1761 568 1819 et
590 1754 764 1818 comitatus
788 1751 934 1830 Haroldi,
955 1752 1013 1815 viz.
1037 1753 1238 1832 Estsaxonia,
1261 1753 1318 1817 Al-

366 1880 443 1942 garo
459 1859 525 1920 filio
540 1857 659 1921 Lefrici
674 1855 799 1920 comitis
815 1862 863 1918 est
880 1854 1028 1918 donatus.

407 1963 492 2026 A.D.
519 1963 613 2024 1054.
666 1958 827 2022 Siwardus
857 1958 923 2021 dux
952 1957 1317 2022 Northanhumbrorum

361 2066 456 2148 jussu
470 2064 554 2146 regis
573 2062 732 2139 Edwardi,
748 2060 940 2124 Machotum
959 2081 1068 2142 regem
1089 2060 1259 2125 Scotorum
1277 2061 1317 2126 dc

362 2185 464 2246 regno
489 2163 633 2246 privavit,
659 2169 692 2225 et
722 2163 935 2226 Malcolmum
961 2183 1071 2244 regem
1102 2162 1316 2227 Cumbrorum

361 2288 471 2350 regem
496 2267 665 2329 Scotorum
690 2265 869 2329 constituit.
917 2266 987 2328 Rex
1014 2265 1112 2329 ctiam
1138 2266 1316 2330 Edwardus

362 2369 450 2432 misit
465 2369 622 2433 Alredum
636 2369 898 2450 Wigorniensem
918 2369 1102 2452 episcopum
1118 2368 1158 2432 ad
1179 2369 1315 2452 impera-

362 2482 466 2537 torem
498 2472 695 2535 Henricum:
724 2478 761 2534 ut
783 2471 979 2534 Edwardum
1001 2472 1188 2535 fratruelem
1210 2489 1314 2551 suum,

362 2576 418 2659 qui
431 2576 467 2639 'm
477 2573 649 2657 Hungaria
664 2575 720 2637 diu
734 2575 888 2653 exularet,
902 2574 963 2638 sibi
975 2576 1104 2640 mittere
1116 2575 1315 2658 dignaretur,

361 2679 596 2742 instantissime
612 2678 800 2761 deprecatus
815 2684 864 2740 est
873 2704 882 2756 3
907 2679 971 2761 qui,
988 2686 1025 2743 ut
1041 2679 1195 2762 Angliam
1215 2680 1315 2763 appli-

361 2782 436 2859 cuit,
459 2781 545 2865 apud
568 2780 774 2844 Lundoniam
797 2781 948 2846 morbum
971 2782 1142 2845 incurrens
1168 2789 1315 2846 mortuus

361 2891 420 2948 est.
465 2884 614 2966 Edgarus
629 2883 714 2946 filius
730 2884 799 2968 ejus
815 2905 890 2946 cum
910 2904 986 2967 rege
1001 2884 1158 2948 Eduardo
1177 2886 1315 2950 mansit:

362 2987 428 3050 filia
441 3007 515 3051 vcro
531 2987 720 3068 Margareta
734 2986 909 3049 Malcolmo
923 2986 993 3068 regi
1010 2988 1179 3050 Scotorum
1194 2988 1315 3070 nupsit,

361 3091 451 3174 cujus
474 3090 540 3153 filia
555 3087 725 3153 Mathildis
747 3094 858 3171 postea
876 3088 1011 3152 Henrici
1033 3089 1128 3172 primi
1147 3091 1232 3172 regis
1246 3091 1315 3154 An·

362 3193 435 3274 gliae
450 3213 532 3256 uxor
546 3192 619 3256 fuit.

404 3296 489 3360 A.D.
518 3298 613 3359 1055.
671 3293 832 3357 Siwardus
859 3293 925 3356 dux
950 3292 1315 3359 Northanhumbrorum

360 3398 439 3464 obiit
449 3426 458 3478 3
482 3406 515 3464 et
535 3399 569 3462 in
589 3399 728 3463 claustro
746 3396 933 3462 monasterii
950 3396 983 3459 S.
994 3396 1110 3460 Mariae
1125 3403 1216 3462 extra
1230 3397 1314 3462 Ebo-

359 3524 471 3566 racum
486 3503 631 3586 sepultus
647 3508 706 3579 est,
719 3501 774 3583 qui
790 3522 890 3584 quum
905 3499 940 3562 in
954 3499 1078 3563 ultimis
1093 3508 1212 3583 ageret,
1226 3523 1315 3565 arma

360 3626 419 3668 sua
430 3605 526 3688 jussit
542 3605 658 3682 afferri,
680 3604 727 3686 [et
746 3603 859 3686 lorica]
886 3623 920 3666 se
940 3602 1043 3681 indui,
1060 3602 1179 3682 dicens,
1197 3605 1313 3668 “Mili-

359 3713 437 3785 tem,
453 3707 516 3769 nisi
535 3708 571 3771 in
592 3707 699 3785 armis,
717 3725 785 3768 non
808 3705 924 3770 debere
944 3705 1060 3770 mori.'’
1106 3706 1207 3790 Cujus
1229 3709 1314 3772 filius

359 3808 543 3888 Waldevus,
563 3816 675 3892 postea
697 3817 820 3895 martyr
842 3818 982 3889 sanctus,
1005 3812 1110 3877 factus
1134 3820 1183 3877 cst
1207 3833 1314 3878 comes

359 3912 643 3996 Northamptoniae
652 3939 662 3991 3
685 3913 857 3977 comitatus
878 3920 987 3978 autem
1008 3915 1313 3980 Northanhumbro-

357 4037 430 4077 rum
455 4015 549 4078 datus
572 4020 621 4078 est
640 4015 749 4079 Tostio
771 4016 863 4080 tratri
887 4015 1032 4082 Haroldi
1078 4018 1227 4102 Algarus,
1252 4019 1313 4082 Le-

356 4118 428 4182 t’rici
443 4118 569 4182 comitis
585 4117 768 4182 Leicestrioe
782 4119 876 4198 filius,
893 4120 962 4184 sine
977 4141 1083 4200 causa,
1099 4120 1140 4185 ab
1155 4120 1314 4185 Eduardo

357 4241 442 4304 rege,
466 4242 523 4304 per
547 4218 685 4286 Haroldi
707 4221 886 4301 consilium,
906 4223 1092 4306 exlegatum
1117 4223 1172 4306 qui
1194 4223 1312 4289 Hiber-
