3212 5102
323 587 392 648 144
614 604 813 650 eunourcorv
830 605 965 650 Aroma

324 719 527 800 dicatoribus,
548 725 582 786 et
603 721 791 786 minoribus.
837 720 1053 785 Canoniaatus
1076 725 1124 784 est
1147 722 1278 784 sanctus

323 823 490 902 Ricardus,
510 822 675 907 episcopus
695 823 913 888 Cicestrensis.
960 823 1085 887 Guerra
1107 822 1205 886 etiarn
1226 823 1277 887 in-

296 975 303 989 .
323 927 417 1010 cepit,
433 933 564 1009 propter
577 927 772 1010 provisiones
788 927 986 990 Oxonienses
1001 947 1068 990 non
1084 925 1276 1004 observatas,

322 1029 408 1093 inter
423 1028 618 1112 alienigenas
630 1036 663 1094 et
677 1029 862 1112 indigenas:
883 1035 1007 1113 partem
1023 1029 1277 1111 alienigenarum

322 1130 449 1196 fovebat
469 1154 525 1196 rex
546 1138 579 1195 et
598 1132 720 1214 regina,
736 1132 913 1196 Edwardus
928 1132 1013 1194 filius
1028 1152 1149 1209 eorum,
1166 1131 1277 1214 Ricar-

322 1233 383 1298 dus
403 1233 503 1298 irater
521 1235 617 1317 regis,
633 1243 666 1298 et
681 1236 703 1298 J
704 1235 846 1298 ohannes
865 1233 1028 1312 Maunsel,
1044 1239 1077 1297 et
1098 1232 1170 1312 alii3
1193 1232 1276 1296 indi-

322 1358 421 1420 genas
441 1357 516 1401 vero
536 1336 688 1402 fovebant
711 1337 824 1400 Simon
844 1336 883 1400 de
903 1337 1106 1414 Monteforti,
1121 1342 1154 1399 et
1169 1337 1277 1419 plures

322 1440 465 1517 comites,
482 1444 514 1503 et
528 1439 676 1518 barones,
692 1439 850 1523 principes
861 1439 997 1518 Walliae,
1014 1439 1096 1503 cives
1111 1438 1276 1502 londoni-

322 1557 426 1620 enses,
443 1548 476 1605 et
491 1548 561 1606 tota
574 1543 641 1606 fere
656 1542 870 1606 communitas
885 1541 985 1606 totius
1000 1549 1104 1605 terrae.

365 1644 564 1708 A.D.1263.
603 1643 757 1708 Urbanus
779 1664 862 1726 papa
881 1663 1019 1724 regnum
1040 1640 1167 1720 Siciliae,
1188 1640 1275 1724 quod

321 1745 514 1810 Manfredus
534 1744 689 1810 violenter
707 1745 901 1823 obtinuerat,
919 1745 1041 1809 Karolo
1064 1744 1174 1809 comiti
1196 1746 1275 1809 Pro-

320 1848 443 1928 vinciae,
467 1849 560 1913 fratri
582 1849 667 1931 regis
691 1851 899 1926 Francorum,
923 1854 961 1911 ut
985 1846 1103 1912 abillo
1128 1847 1274 1931 eriperet,

321 1950 420 2016 dedit.
450 1951 622 2016 Praevaluit
636 1973 709 2036 pars
721 1951 844 2016 domini
860 1952 1001 2015 Simonis
1017 1952 1056 2014 de
1071 1951 1274 2030 Monteforti,

321 2060 354 2118 et
380 2054 475 2138 ejecit
504 2054 544 2117 de
573 2061 660 2118 terra
683 2075 794 2117 omnes
818 2053 1024 2135 alienigenas,
1050 2059 1167 2135 praeter
1191 2051 1274 2130 illos,

321 2179 458 2242 quorum
473 2179 597 2222 moram
614 2157 724 2221 fideles
743 2157 829 2238 regis
849 2155 1069 2240 acceptabant.
1116 2156 1187 2218 Rex
1200 2176 1275 2218 vero

319 2282 408 2326 mare
431 2261 590 2339 transivit,
613 2267 651 2323 ut
675 2260 855 2324 consuleret
874 2280 988 2344 regem
1010 2258 1154 2322 Franciae
1178 2279 1274 2341 super

319 2363 553 2446 provisionibus
577 2363 720 2441 Oxoniae,
744 2361 799 2445 qui
826 2361 946 2425 arbiter
971 2367 1020 2424 est
1046 2361 1182 2424 electus:
1206 2360 1274 2443 ipse

319 2489 394 2532 vero
413 2468 517 2553 prima
536 2467 604 2530 vice
625 2487 677 2530 eas
698 2465 894 2550 approbavit,
910 2465 1011 2528 voluit
1031 2471 1141 2528 tamen
1160 2471 1198 2527 ut
1219 2463 1272 2526 de-

318 2569 461 2654 praedata
475 2569 595 2654 injuste
612 2569 860 2633 restituerentur
868 2594 878 2647 ,·
903 2567 1045 2632 secunda
1058 2568 1125 2630 vice
1141 2567 1273 2630 damna-

320 2672 374 2752 vit,
391 2678 424 2736 et
439 2672 525 2755 quod
538 2693 595 2735 rex
610 2671 651 2736 ad
666 2672 790 2735 nullam
805 2693 917 2736 earum
930 2677 1107 2750 teneretur,
1121 2669 1271 2733 decrevit.

318 2775 432 2839 Altera
452 2797 526 2859 pars
547 2776 716 2840 sententiae
731 2775 934 2854 contradixit,
951 2780 984 2838 et
999 2775 1103 2838 acrius
1117 2773 1270 2852 instabat,

318 2883 356 2941 ut
372 2885 645 2942 conservarentur.
685 2878 812 2962 Regina
832 2878 869 2942 in
890 2898 1017 2942 recessu
1041 2899 1099 2941 suo
1121 2876 1161 2940 de
1184 2877 1270 2940 Lon-

318 2980 415 3046 donia
429 2980 481 3044 vix
496 2980 595 3046 evasit
609 3003 725 3046 manus
740 2981 1029 3065 improperantium
1045 2980 1116 3045 sibi.

360 3084 446 3148 A.D.
472 3085 567 3150 1264.
614 3086 785 3150 Crescente
811 3084 969 3149 discordia
993 3082 1210 3165 interregem
1237 3089 1270 3148 et

316 3187 463 3268 barones,
479 3188 685 3253 commissum
699 3195 748 3253 est
762 3188 885 3253 bellum
905 3187 945 3252 de
964 3187 1075 3250 Leues
1095 3185 1147 3249 die
1168 3185 1270 3250 sancti

318 3291 484 3372 Bonifacii,
510 3298 543 3356 et
569 3292 753 3357 ceciderunt
778 3291 912 3374 regales,
938 3289 1086 3373 captique
1113 3295 1190 3354 sunt
1213 3310 1270 3353 rex

318 3393 481 3460 Henricus
496 3417 553 3479 per
569 3395 753 3460 Gilbertum
768 3394 808 3458 de
824 3393 927 3472 Clare,
944 3399 976 3456 et
995 3414 1052 3455 rex
1067 3392 1269 3456 Alamanniae

318 3498 476 3562 Ricardus
503 3519 561 3582 per
590 3499 773 3563 Johannem
805 3496 931 3560 Giffard
941 3521 951 3573 3
989 3495 1137 3579 captique
1169 3495 1268 3559 etiam

316 3621 422 3665 comes
438 3599 647 3679 Herefordiae,
660 3600 827 3684 Philippus
842 3601 965 3679 Basset,
980 3596 1141 3662 Henricus
1157 3599 1267 3682 Persy,

317 3702 478 3766 Robertus
502 3703 596 3780 Brus,
622 3702 786 3766 Johannes
813 3702 948 3786 Comyn,
972 3701 1134 3766 Robertus
1156 3701 1269 3767 'Pater-¹

316 3805 391 3883 sale,
400 3803 583 3868 Willelmus
598 3805 739 3884 Bardolf,
751 3827 826 3869 cum
841 3806 914 3870 filiis
930 3812 963 3870 et
979 3805 1047 3870 aliis
1062 3805 1137 3868 viris
1151 3811 1268 3888 poten·

314 3906 402 3971 tibus
422 3912 455 3971 et
474 3907 609 3989 magnis,
624 3907 771 3972 videlicet
791 3908 906 3991 viginti
927 3916 959 3972 et
980 3908 1122 3992 quinque
1137 3908 1266 3972 vexilla-

313 4009 379 4074 riis.
413 4009 582 4093 Fugerunt
597 4016 706 4074 autem
721 4031 827 4074 comes
843 4011 882 4075 de
897 4012 1073 4090 Warenna,
1084 4011 1267 4075 Willelmus,
1314 4083 1315 4086 Ἴ

314 4112 354 4177 de
369 4113 535 4194 Valencia,
559 4113 666 4178 (luido
689 4113 729 4178 de
751 4114 912 4194 Licinum,
936 4115 1034 4197 Hugo
1057 4114 1165 4197 Bigot,
1189 4135 1264 4178 cum

312 4217 423 4282 multis
447 4217 526 4282 aliis.
571 4217 731 4284 Dominus
754 4217 930 4282 Edwardus
953 4239 986 4282 se
1009 4217 1153 4282 obsidem
1176 4217 1264 4282 dedit
