3226 5100
648 619 944 702 rnrnrrbnouusr.
1222 641 1268 703 Ι25

361 769 451 834 Α.Ι).
482 773 557 835 877.
611 770 743 854 Pagani,
774 779 906 835 centum
936 777 968 835 et
992 771 1108 852 viginti
1136 771 1271 836 navibus

317 877 510 956 tempestate
525 873 687 952 demersis,
703 873 789 957 apud
803 875 962 938 Exoniam
975 873 1174 939 resederunt.

360 976 446 1039 A.D.
471 978 544 1042 878.
588 961 740 1040 Alfredus
763 998 820 1040 rex
843 998 985 1060 paganos
1007 976 1195 1041 miraculose
1218 999 1270 1041 su-

317 1085 426 1161 perat;
449 1086 488 1142 ut
512 1078 594 1142 datis
618 1079 659 1142 ad
682 1079 810 1142 libitum
835 1079 1126 1162 obsidibus,.aliqui
1150 1089 1270 1146 terram

318 1182 514 1267 abjurarent,
528 1184 658 1267 quidam
673 1183 922 1267 baptizarentur.

360 1288 445 1350 A.D.
469 1290 543 1353 879.
589 1288 714 1370 Pagani
738 1286 986 1352 Cirencestriam
1011 1287 1150 1352 adeunt:
1181 1310 1269 1352 exer·
1353 1321 1358 1334 ·

318 1391 400 1454 citus
416 1413 526 1455 eorum
540 1392 657 1474 ingens
677 1385 717 1455 de
737 1391 881 1475 partibus
898 1391 1131 1470 transmarinis,
1147 1393 1269 1456 flumen

314 1494 497 1558 .'Phamcnse
512 1495 638 1558 intrans
654 1516 687 1558 se
702 1494 748 1558 eis
759 1495 879 1578 jungit.

359 1599 445 1661 A.D.
461 1601 535 1662 880.
581 1599 705 1681 Pagani
723 1598 924 1679 Estangliam
945 1596 1110 1675 adeuntes,
1125 1603 1197 1661 eam
1218 1599 1268 1661 in-

316 1700 462 1765 habitare
477 1710 662 1785 coeperunt,
685 1702 800 1784 reliqui
816 1700 984 1764 Franciam
1001 1699 1164 1782 navigant,
1181 1708 1213 1764 et
1229 1701 1268 1766 de

260 1847 273 1868 .
316 1803 517 1887 pedestribus
532 1827 643 1870 omnes
658 1805 782 1888 equites
797 1804 938 1867 fuerunt.

358 1909 442 1971 A.D.
465 1911 539 1971 881.
586 1909 826 1972 Karlomannus
848 1929 904 1970 rex
927 1906 1080 1984 Bavariae,
1100 1912 1192 1990 pater
1205 1909 1268 1971 Ar-

315 2011 405 2089 nulfi,
421 2011 595 2095 imperator
614 2011 694 2075 obiit
702 2038 712 2090 3
739 2032 877 2094 regnum
898 2011 967 2093 ejus
989 2009 1088 2073 frater
1107 2031 1266 2094 occupans

249 2135 251 2142 ’
306 2113 507 2192 Ludovicus,
524 2115 645 2178 Karolo
661 2114 861 2178 Corinthiam
876 2113 1033 2178 concedit.
1250 2149 1254 2154 ·

358 2218 444 2280 A.D.
467 2220 542 2281 882.
574 2218 713 2282 Karolus
735 2225 839 2280 totam
864 2216 994 2280 Italiam
1020 2221 1052 2279 et
1080 2215 1266 2299 Longobar-

305 2319 402 2383 diam
426 2321 487 2384 sibi
511 2319 692 2404 subjiciens,
718 2321 856 2384 Romam
879 2318 976 2398 venit,
1001 2324 1034 2382 et
1060 2341 1079 2383 a
1104 2341 1186 2402 papa
1210 2320 1265 2383 Jo-

314 2423 424 2487 hanne
453 2445 490 2487 ac
520 2431 635 2487 senatu
664 2421 879 2486 favorabiliter
907 2428 1064 2503 receptus,
1091 2421 1266 2504 imperator

314 2528 432 2590 unctus
447 2532 506 2592 est.

357 2630 443 2693 A.D.
460 2632 534 2693 883.
566 2629 748 2693 Ludovicus
763 2628 863 2691 frater
877 2626 1078 2710 imperatoris
1093 2625 1184 2690 obiit.

357 2734 442 2797 A.D.
459 2735 533 2796 884.
564 2732 746 2797 Ludovicus
761 2732 845 2795 filius
861 2730 954 2795 Balbi
970 2729 1059 2794 obiit.
1101 2729 1265 2795 Martinus

305 2858 397 2920 ,papa
414 2845 540 2920 partem
556 2835 724 2900 dominicae
739 2835 842 2900 crucis
856 2834 991 2898 Alfredo
1011 2833 1081 2918 regi
1101 2854 1176 2897 eum
1196 2834 1265 2898 aliis

314 2939 501 3004 muneribus
516 2940 614 3004 misit.

355 3044 442 3107 A.D.
458 3045 533 3106 885.
564 3045 731 3126 Agapetns
751 3064 843 3125 papa.
889 3041 1022 3125 Pagani,
1037 3040 1150 3105 relicta
1164 3041 1264 3106 Fran-

305 3144 372 3223 cia,
388 3145 543 3228 Angliam
563 3153 698 3228 petunt3
722 3144 778 3210 sed
800 3152 936 3228 urgente
955 3143 1089 3208 Alfredo
1108 3144 1143 3208 in
1163 3145 1263 3208 Fran-

314 3248 396 3313 ciam
410 3256 625 3313 revertuntur.

355 3352 441 3416 A.D.
466 3353 541 3416 886.
579 3351 719 3434 Paganis
744 3351 913 3416 Franciam
937 3371 995 3432 per
1022 3350 1205 3432 Sequanam
1230 3356 1263 3414 et

314 3455 456 3540 Ligerim
479 3477 599 3539 magno
622 3477 758 3520 numero
784 3453 1041 3532 ascendentibus,
1065 3454 1170 3517 multa
1194 3476 1263 3519 cor-

312 3581 390 3643 pora
405 3567 588 3624 sauctorum
604 3559 644 3623 de
660 3558 725 3622 suis
741 3557 869 3622 sedibus
884 3557 1041 3620 translata
1056 3564 1141 3619 sunt.

355 3663 440 3727 A.D.
457 3666 531 3728 887.
564 3665 684 3728 Karolo
698 3669 828 3747 propter
842 3660 991 3726 morbum
1011 3682 1112 3743 regno
1132 3661 1263 3744 expulso

302 3767 469 3829 Amulius
485 3767 637 3832 succedit.
678 3767 829 3831 Alfredus
846 3763 1029 3830 Londonias
1044 3772 1213 3844 restaurat,
1229 3772 1262 3830 et

311 3868 398 3952 leges
413 3869 532 3934 condit.

354 3973 440 4036 A.D.
456 3975 530 4037 888.
563 3974 702 4037 Karolus
717 3973 890 4056 imperator
904 3972 993 4036 obiit.

354 4078 440 4140 A.D.
457 4079 531 4141 889.
562 4076 755 4140 Ethelredus
778 4076 1032 4141 Dorobernensis
1054 4075 1262 4159 archiepisco-

311 4201 372 4263 pus
387 4179 477 4258 obiit,
494 4180 645 4244 successit
661 4178 892 4262 Plegmundus.

328 4331 330 4336 -
353 4283 439 4348 A.D.
457 4286 532 4349 890.
563 4283 673 4349 Litera
688 4281 887 4348 dominicalis
906 4282 947 4345 D.
