3218 5098
328 639 371 702 14
616 655 824 704 unuourcou
841 659 977 704 auonrm

324 773 360 837 in
379 773 550 857 imperium
570 771 743 840 lotharius
762 775 847 840 filius
867 777 947 860 ejus.
992 771 1174 840 Herbertus
1192 775 1277 840 Con-

325 876 376 940 aul
398 877 566 961 pugnabat
590 885 703 943 contra
725 879 836 943 Dauos
859 879 896 942 in
921 878 1089 958 Eratware,
1117 901 1137 943 a
1160 879 1277 963 quibus

323 980 444 1045 ibidem
460 979 582 1045 occisus
598 987 657 1046 est.

365 1083 451 1147 A.D.
468 1085 543 1148 841.
574 1083 685 1148 Litera
714 1082 914 1148 dominicalis
942 1086 983 1149 B.
1025 1085 1113 1150 Dani
1141 1085 1277 1170 praedati

323 1195 400 1252 aunt
416 1187 565 1252 Cantium
582 1194 614 1252 et
629 1186 825 1253 Londoniaa.
870 1189 978 1253 Natus
994 1196 1043 1254 est
1061 1197 1192 1255 sanctus
1209 1190 1275 1255 Ed-

323 1290 465 1354 mundus
480 1298 591 1374 postea
605 1311 661 1356 rex
675 1292 882 1356 orientalium
895 1292 1088 1374 Anglorum.

364 1393 450 1457 A.D.
468 1395 543 1458 842.
579 1393 729 1472 Karolus‚
755 1401 787 1458 et
808 1394 1002 1473 Ludovious‚
1018 1395 1172 1460 Lothurio
1192 1396 1276 1461 fero·

322 1496 450 1561 cisaimo
464 1496 551 1561 bello
564 1497 657 1576 victo,
672 1497 766 1581 regni
780 1497 963 1581 portionem
979 1498 1168 1582 suscipiunt.
1200 1499 1275 1584 Pip-

322 1599 420 1684 pinus
454 1599 675 1684 Aquitaniam,
708 1600 847 1664 Karolus
881 1601 1061 1679 Manciam,
1092 1601 1274 1666 Ludovious

321 1725 398 1770 vero
421 1704 629 1770 Germaniam
654 1710 689 1769 et
716 1704 899 1784 saxoniam,
915 1703 1090 1768 Irotharius
1114 1705 1184 1788 ipse
1209 1707 1274 1770 Ro-

322 1827 410 1872 mam
426 1815 459 1873 et
474 1809 605 1873 Italiam
621 1830 657 1874 ao
672 1807 918 1891 Lotharingiam
932 1807 1155 1872 obtinuerunt.

365 1911 451 1977 A.D.
467 1914 541 1976 843.
575 1912 715 1976 Adulfus
736 1911 821 1976 filius
847 1911 946 1995 Regis
971 1911 1007 1975 in
1027 1910 1112 1976 bello
1133 1933 1152 1976 a
1172 1911 1275 1976 Danis

321 2014 499 2080 natusest.

363 2118 448 2182 A.D.
465 2119 540 2180 844.
576 2115 707 2199 Sergius
723 2163 861 2181 ......

363 2220 449 2284 A.D.
472 2222 546 2286 847.
579 2219 736 2284 Alstauus
762 2219 931 2304 episcopus
958 2219 1122 2285 Somerset
1148 2225 1181 2284 et
1207 2220 1272 2285 dux

321 2323 513 2388 Domnoniae
529 2322 670 2387 Osredus
690 2330 803 2387 contra
817 2324 929 2388 Dauos
942 2331 1126 2408 pugnantes
1139 2323 1274 2389 fuemnt

320 2431 454 2496 victores
470 2430 556 2513 apud
570 2429 838 2494 Predresmunde.

363 2535 448 2599 Au.
465 2536 540 2597 848.
576 2532 731 2596 Rabanus
746 2531 917 2597 Fuldensis
933 2530 1031 2597 abbas
1046 2532 1136 2597 obiit.

363 2638 449 2703 A.D.
466 2639 541 2700 849.
575 2636 745 2700 Wistanua
769 2635 854 2699 filius
877 2636 1049 2699 Wimundi
1071 2637 1129 2700 filii
1149 2635 1273 2720 Wigla-

319 2741 354 2805 fii
376 2740 471 2823 regis,
491 2762 511 2804 a
529 2739 685 2803 Berfredo
707 2739 853 2803 Bernulfi
874 2739 960 2821 regis
982 2739 1181 2804 Marciorum
1206 2739 1273 2804 filio

319 2852 457 2926 cognato
472 2865 530 2906 suo
544 2842 580 2906 in
593 2842 702 2925 vigilia
716 2848 910 2925 pentecostae
924 2842 1161 2926 martyrizatur.
1244 2889 1248 2892 -

361 2947 447 3010 A.D.
473 2948 547 3009 851.
586 2945 708 3028 Ingens
730 2966 931 3028 paganorum
953 2945 1113 3009 exercitus
1135 2944 1271 3010 Theme-

320 3071 388 3114 aem
403 3049 538 3113 fluvium
552 3048 712 3113 intrantes
728 3070 803 3113 oum
817 3047 972 3112 trecentis
987 3054 1020 3112 et
1036 3047 1273 3132 quinquaginta

317 3152 453 3218 navibus
475 3153 684 3217 Cantuariam
707 3158 740 3216 et
762 3151 948 3216 Londonias
971 3151 1146 3236 depraedati
1172 3159 1270 3232 sunt;

315 3278 427 3341 regem
441 3257 639 3322 Meroiorum
656 3257 850 3321 Bernulfum
864 3257 991 3339 fugant,
1007 3256 1062 3320 aed
1079 3256 1119 3321 ab
1134 3257 1270 3322 Ethulfo

316 3361 447 3446 fiJioque
462 3384 520 3427 auo
534 3359 711 3426 Ethelredo
724 3360 809 3425 bello
824 3359 994 3424 durissimo
1011 3360 1178 3444 fugantur.

359 3466 445 3529 A.D.
461 3467 536 3529 852.
570 3466 641 3529 Rex
659 3463 857 3528 Meroiorum
876 3463 1055 3528 Berwulfus
1074 3462 1174 3527 obiit:
1198 3481 1269 3526 suo·

317 3568 412 3632 cessit
427 3567 624 3649 Burgredua.
1161 3608 1164 3613 -

358 3670 444 3734 Aa).
467 3672 541 3733 853.
583 3669 651 3733 Leo
676 3691 769 3753 papa.
814 3667 1028 3733 Ethelwulfua
1051 3667 1137 3731 filius
1162 3667 1268 3732 Aloe-

316 3771 396 3836 dum
409 3771 512 3835 mittit
527 3792 602 3835 cum
622 3793 741 3854 magno
762 3776 918 3854 apparatu
936 3771 1085 3849 Romam,
1102 3791 1198 3854 quem
1212 3771 1268 3834 do-

314 3875 423 3939 minus
437 3895 529 3957 papa,
544 3873 581 3937 in
597 3893 707 3956 regem
726 3893 886 3956 unguens,
902 3872 939 3936 in
958 3873 1062 3936 filium
1082 3873 1268 3958 adoptivum

315 3977 525 4042 confirmavit.
571 3977 694 4042 Contra
715 3977 826 4041 Dauos
848 3997 968 4059 magno
995 3975 1161 4060 dispendio
1186 3999 1268 4062 pug-

313 4088 428 4146 natum
443 4088 492 4145 est
507 4081 568 4145 hoc
583 4100 669 4144 anno
684 4079 720 4143 in
733 4079 840 4144 insula
855 4079 894 4144 de
910 4079 1038 4145 Taneth
1051 4081 1229 4144 nominata.

356 4186 442 4250 A.D.
459 4187 534 4249 854.
572 4185 650 4251 Dux
673 4183 798 4250 Cantiae
823 4183 983 4250 Alcherus
1012 4191 1046 4250 et
1073 4181 1175 4248 Huda
1203 4183 1268 4249 dux

314 4289 514 4356 occiduntur.
