3212 5102
339 627 402 690 106
650 646 845 692 1111111111
862 647 998 690 susurru

337 763 578 832 cantuariensis
594 766 821 851 archiepiscopi
836 773 869 831 11
883 766 1042 851 martyris.
1075 765 1166 830 Obiit
1180 765 1288 830 Adam

336 869 476 952 optimus
497 869 594 934 abbas
616 871 655 934 de
674 870 851 934 Evesham:
875 869 1025 933 successit
1046 870 1192 951 Rogems
1214 869 1287 932 nul-

335 972 398 1035 hus
413 973 599 1037 monasterii
612 973 801 1051 monachus,
817 972 915 1037 abbas
929 973 1096 1056 pessimus.

379 1075 464 1139 Am.
482 1076 576 1139 1186.
614 1075 705 1140 Obiit
720 1076 882 1139 Walterus
899 1075 1064 1158 episcopus
1081 1073 1288 1138 Irincolnien-

332 1165 379 1239 sis
388 1203 397 1254 3
421 1177 473 1241 cui
493 1177 643 1242 successit
659 1183 789 1241 sanctus
805 1175 905 1260 Hugo
924 1177 1011 1260 prior
1024 1175 1221 1253 Withamiae,
1237 1197 1287 1239 or-

337 1279 420 1344 dinis
436 1281 681 1360 Carthusiensis,
694 1303 733 1346 ex
748 1281 915 1346 collatione
929 1280 1023 1363 regis,
1040 1287 1072 1344 et
1087 1281 1188 1345 totius
1203 1279 1288 1363 oapi-

337 1382 400 1447 tuli
414 1385 647 1450 lincolniensis
663 1385 828 1450 electione.
874 1384 1038 1448 Galfridus
1052 1385 1137 1448 filius
1154 1381 1289 1447 Henrici

337 1487 432 1568 regis,
448 1494 481 1551 et
496 1509 601 1552 comes
616 1487 805 1566 Britanniae,
825 1486 860 1569 in
880 1487 1032 1551 conflictu
1050 1486 1183 1550 militari
1202 1485 1289 1570 apud

340 1590 574 1674 Compendium
602 1591 732 1656 Parisiis
764 1590 899 1673 pedibus
936 1611 1092 1672 equorum
1129 1589 1289 1653 contritus

339 1691 429 1773 obiit,
445 1694 528 1758 etin
543 1695 718 1758 cathedrali
732 1693 864 1759 ecclesia
883 1699 931 1758 est
952 1694 1118 1777 sepultus
1151 1692 1290 1756 Baldwi-

339 1817 402 1859 nus
427 1816 484 1860 rex
508 1797 687 1862 Jerusalem
712 1819 793 1881 puer
814 1796 904 1876 obiit,
927 1797 1020 1881 cujus
1043 1817 1181 1878 regnum
1204 1795 1289 1878 cepit

342 1897 463 1983 Sibylla
477 1907 581 1964 mater
595 1901 673 1987 ejus,
689 1907 727 1964 ut
741 1901 852 1980 haeres,
865 1920 945 1984 quae,
962 1899 1114 1963 defuncto
1125 1899 1289 1965 Willelmo

338 2000 369 2065 le
385 2001 527 2066 Marchis
541 2003 609 2068 viro
624 2025 691 2083 suo,
706 2003 817 2086 nupsit
833 2002 976 2067 Gnidoni
991 2002 1031 2067 de
1046 2001 1207 2065 Irininant.

381 2104 467 2168 Α.Ι).
485 2107 580 2170 1187.
618 2106 733 2169 Comes
747 2105 962 2188 Tripolitanus
977 2105 1098 2182 videns,
1115 2104 1190 2187 quia
1208 2125 1288 2187 111-

340 2205 445 2270 dictus
457 2207 565 2272 Gnido
580 2208 714 2272 duxerat
728 2208 889 2272 haeredem
901 2209 1081 2272 Jerusalem
1096 2208 1131 2270 in
1145 2228 1288 2285 uxorem,

340 2297 453 2372 anxius
477 2310 552 2393 quia
574 2310 710 2394 1111111
732 2333 804 2374 eam
826 2311 985 2389 habuisse,
1008 2317 1041 2374 et
1064 2309 1231 2394 perillam
1254 2309 1290 2373 in

339 2432 449 2494 regem
469 2413 593 2493 elevari,
609 2413 800 2497 conspiravit
820 2435 895 2478 cum
918 2413 1069 2478 Saladino
1088 2434 1163 2495 rege
1183 2411 1289 2495 Baby-

338 2513 443 2594 loniae,
470 2521 503 2580 et
531 2516 614 2580 inito
638 2515 767 2594 foedere,
794 2516 954 2599 quomodo
978 2517 1110 2580 Terram
1138 2516 1289 2578 Sanctam

338 2617 520 2699 perderent,
549 2618 827 2683 machinabantur.
887 2619 985 2682 Unde
1016 2619 1186 2683 Saladinus
1215 2638 1290 2682 cum

339 2719 467 2802 ingenti
495 2722 638 2785 exercitu
666 2721 865 2785 Christianos
895 2720 1090 2804 aggreditur,
1121 2742 1291 2804 comesque

209 2913 211 2916 Ι
339 2821 555 2906 11111Ιὶ11111
581 2830 728 2889 conserto
756 2824 869 2908 proelio
897 2824 981 2906 fugit
990 2849 1001 2902 ;
1030 2824 1186 2906 fugerunt
1215 2846 1291 2889 mox

339 2927 456 3006 caeteri,
471 2928 652 3012 patriarcha
668 2928 842 3011 multisque
857 2928 926 2992 aliis
941 2927 1038 2992 caesis.
1085 2927 1156 2990 Ber
1171 2927 1290 3006 Guido,

341 3048 416 3092 cum
438 3051 532 3095 cruce
553 3031 695 3110 Domini,
719 3037 830 3115 captus
853 3035 913 3094 est.
958 3029 1147 3107 Jerusalem,
1164 3050 1290 3094 omnes-

340 3153 403 3215 que
424 3141 547 3199 coeterae
571 3135 829 3200 Christianorum
850 3133 994 3200 civitates
1017 3140 1050 3198 et
1072 3133 1211 3212 castella,
1234 3155 1293 3217 per

342 3235 517 3304 Saracenos
541 3229 748 3324 1111111111,
774 3245 890 3323 praeter
912 3239 1043 3322 Tyrum,
1069 3237 1233 3321 Tripolim,
1258 3244 1291 3302 et

340 3338 557 3406 Antiochiam.
605 3344 677 3408 Hoc
698 3344 819 3424 audito,
835 3343 989 3408 Urbanus
1011 3363 1093 3426 papa
1114 3340 1194 3404 obiit
1204 3367 1215 3420 ;
1238 3341 1291 3405 cui

341 3446 493 3509 successit
510 3447 684 3531 Gregorius
699 3448 799 3512 VIII.

381 3549 467 3612 Am.
486 3552 580 3614 1188.
619 3550 710 3615 Obiit
728 3557 859 3615 sanctus
879 3550 1037 3616 Ricardus
1057 3548 1222 3631 episcopus
1237 3547 1290 3610 Oi-

341 3652 520 3715 cestrensis.
566 3653 657 3718 Obiit
673 3654 847 3736 Gregorius
867 3674 959 3737 papa,
976 3652 1029 3716 cui
1049 3651 1199 3715 successit
1219 3650 1290 3714 Cle·

340 3774 432 3818 mens
448 3755 504 3818 III
512 3779 523 3833 ς
547 3756 587 3820 ad
602 3758 693 3842 cujus
708 3757 873 3821 hortatum
884 3756 1052 3840 Philippus
1065 3777 1123 3818 rex
1137 3754 1290 3832 Franciae,

341 3861 375 3920 et
396 3856 558 3921 Henricus
579 3860 650 3924 Rex
668 3859 805 3942 Angliae,
822 3857 978 3922 Ricardus
998 3879 1104 3922 comes
1123 3858 1291 3922 Pictaven-

342 3960 394 4039 sis,
421 3961 588 4045 Philippus
617 3983 723 4026 comes
752 3960 922 4040 Flandriae,
952 3960 1155 4025 Theobaldus
1185 3981 1291 4025 comes

341 4065 512 4145 Blesensis,
537 4065 698 4130 Henricus
720 4086 825 4130 eomes
849 4063 1025 4143 Trecensis,
1050 4064 1116 4128 dux
1139 4064 1291 4146 Burgun-

341 4167 412 4248 diae,
428 4189 503 4233 cum
521 4169 632 4232 multis
653 4168 722 4233 aliis
742 4168 905 4247 Francia,
928 4167 1110 4231 Willelmus
1126 4188 1231 4231 comes
1252 4166 1291 4230 de

341 4271 550 4354 Mandavilla,
563 4273 755 4358 Ranulphus
770 4273 810 4338 de
826 4271 996 4352 Glanvilla,
1010 4270 1170 4335 Robertus
1186 4290 1292 4334 comes
