3226 5100
235 665 238 671 -
356 622 398 684 28
653 637 849 684 cnaouroou
866 640 1002 684 suumn

398 753 483 818 A.D.
500 755 574 818 919.
607 754 675 818 Rex
698 753 875 818 Edwardus
898 754 986 818 dedit
1000 753 1183 838 ,Edgitham
1206 753 1307 819 filiam

357 880 448 922 suam
464 859 584 922 Karolo
599 857 667 941 regi
682 857 835 922 Francia.

399 961 484 1024 Α.Ι).
501 963 575 1024 920.
610 961 778 1024 Danornm
803 982 860 1024 rex
886 961 1062 1024 Reinaidus
1088 961 1247 1026 Eduardo
1273 983 1306 1025 se

356 1063 503 1148 subjecit.

399 1168 483 1231 Α.Ι).
500 1171 574 1232 923.
607 1167 745 1252 Sanguis
765 1189 804 1232 ex
821 1168 972 1252 imagine,
993 1191 1088 1252 quam
1109 1169 1216 1234 Judaei
1235 1191 1307 1234 cru-

355 1270 524 1334 cifixerunt
539 1271 725 1348 Londoniae,
742 1272 874 1335 effluxit.
1011 1355 1012 1358 Ἴ

399 1374 483 1437 Α.Ι).
511 1376 585 1438 924.
619 1360 793 1437 Edwardus
823 1395 879 1438 rex
908 1373 1008 1438 obiit:
1041 1375 1192 1439 successit
1221 1374 1305 1438 filius

357 1477 384 1561 ej
390 1499 425 1540 us
441 1478 662 1542 Athelstanns.
699 1479 850 1562 Hungari
864 1479 1074 1543 Almanniam
1090 1485 1122 1542 ct
1138 1478 1307 1543 Franciam

355 1589 493 1645 vastant.
534 1582 755 1646 Wulfhelmus
771 1581 1024 1664 archiepiscopus
1040 1579 1306 1644 Dorobernensis

399 1685 484 1748 Α.Ι).
508 1687 582 1750 926.
621 1687 691 1750 Rex
713 1685 935 1762 Athelstanns,
958 1704 1065 1747 sorore
1089 1705 1147 1746 sua
1172 1683 1307 1747 Sictrico

356 1787 425 1870 regi
440 1787 803 1852 Northanhumbrorum
819 1788 904 1865 data,
920 1808 996 1851 eum
1010 1786 1045 1848 in
1062 1785 1218 1850 ditionem
1232 1806 1307 1848 cum

357 1891 506 1955 omnibus
526 1891 701 1970 Pictorum,
724 1893 902 1969 Scotorum,
924 1897 957 1954 ct
980 1890 1155 1953 Britonum
1176 1889 1306 1972 regibus

357 1995 488 2077 accepit.

399 2099 485 2162 Α.Ι).
501 2101 575 2162 931.
600 2099 669 2162 Rex
680 2098 891 2164 Athelstanns
907 2097 1052 2162 omnium
1067 2117 1122 2161 ore
1136 2095 1288 2159 laudatur
1295 2121 1306 2175 ;

356 2201 479 2265 felicem
496 2223 527 2263 se
542 2200 692 2264 credebat
707 2199 849 2283 quisquis
866 2220 980 2281 regum
996 2204 1178 2261 exterorum
1194 2196 1224 2260 ei
1239 2197 1305 2260 affi-

356 2303 459 2367 nitate
474 2302 525 2365 vel
538 2302 657 2366 foedere
672 2302 784 2366 sociari
799 2309 917 2386 posset.

399 2407 484 2470 Ar).
501 2408 575 2469 932.
608 2407 769 2470 Henricus
783 2406 958 2489 imperator
972 2405 1129 2488 Bulgares
1143 2403 1283 2486 perimit.

399 2512 484 2574 Α.Ι).
515 2509 589 2574 936.
629 2508 790 2574 Hemicus
819 2511 993 2592 imperator
1022 2508 1122 2573 obiit:
1154 2506 1306 2572 successit

282 2651 285 2657 -
357 2611 445 2675 Otho
459 2610 592 2694 primus.

399 2716 485 2778 Α.Ι).
513 2717 586 2780 937.
623 2715 790 2795 Analafus,
820 2716 922 2780 fretus
952 2715 1069 2779 auxilio
1099 2713 1307 2779 Constantini

349 2817 441 2900 -regis
458 2818 637 2892 Scotorum,
649 2819 719 2901 regi
732 2819 927 2882 Athelstano
942 2819 1122 2902 insurgens,
1135 2839 1217 2901 saepe
1232 2838 1306 2882 cum

358 2923 423 2986 suis
439 2923 649 2987 contunditur
665 2931 697 2987 et
712 2925 931 2989 confunditur.

399 3027 484 3091 A.D.
509 3029 584 3090 938.
621 3028 834 3092 Athelstanns
859 3049 916 3092 rex
946 3034 1094 3092 nanctum
1120 3028 1305 3094 Johannem

351 3131 620 3195 ¹Beverlacensem
635 3130 762 3214 praediis
777 3138 810 3194 et
825 3131 997 3214 privilegiis
1013 3132 1105 3196 ditat.
1143 3132 1231 3196 Otho
1245 3132 1306 3196 im-

357 3240 485 3318 perator
501 3233 704 3317 Hungariam
720 3240 752 3297 et
767 3233 937 3297 Bovarium
951 3241 1064 3298 vastat.

399 3338 485 3403 Α.Ι).
509 3340 583 3402 939.
620 3338 708 3402 Otho
731 3338 904 3421 imperator
927 3338 1172 3422 Lotharingiam
1194 3338 1306 3403 intrat.

358 3442 430 3506 Odo
446 3442 699 3526 archiepiscopus
714 3442 969 3507 Dorobcrnensis
984 3443 1114 3522 electus,
1131 3442 1187 3506 diu
1204 3443 1307 3506 reluc-

357 3552 445 3610 tatus
465 3553 524 3625 est,
545 3568 583 3610 eo
603 3547 689 3629 quod
708 3546 856 3610 habitum
875 3546 1099 3610 monachicum
1121 3568 1188 3610 non
1209 3546 1307 3611 habe-

358 3657 427 3726 ret3
449 3649 582 3712 tandem
606 3647 647 3710 od
670 3648 851 3711 Floriacum
874 3670 1011 3732 pergens
1036 3649 1213 3734 habituque
1231 3671 1307 3714 ,sus-

358 3758 460 3834 ccpto,
476 3750 730 3833 archiepiscopus
743 3750 847 3813 factus
863 3757 920 3814 est.

400 3854 486 3918 Α.Ι).
511 3856 585 3917 940.
622 3853 835 3917 Athelstanns
858 3876 917 3919 rex
939 3854 1037 3919 obiit:
1064 3855 1216 3920 successit
1241 3856 1307 3920 Ed-

357 3957 499 4022 mundus
514 3957 613 4020 frater
628 3957 708 4042 ejus.

401 4062 486 4126 A.D.
502 4063 577 4124 941.
607 4059 764 4124 Analafus
779 4066 891 4124 contra
906 4061 1116 4125 Edmundum
1132 4084 1165 4126 se
1181 4062 1284 4146 erigit.

402 4166 486 4230 A.D.
503 4166 578 4228 942.
611 4165 749 4228 Sanctus
768 4164 960 4229 Dunstanus
979 4165 1020 4229 ab
1038 4166 1213 4230 Edmundo
1231 4186 1308 4248 rege

359 4270 491 4336 effectus
511 4276 559 4334 est
579 4269 678 4336 abhas
694 4269 878 4334 Glastoniae.
923 4270 1106 4335 Willelmus
1126 4270 1210 4335 filius
1231 4270 1308 4334 Rol-
