3226 5100
405 671 449 734 20
711 691 906 736 csaomcor
923 691 1057 735 nussia

450 803 550 868 Porro
574 812 687 888 quarto
714 805 765 868 die
792 827 867 868 cum
891 805 1005 889 praedis
1027 803 1207 868 innumeris
1229 803 1269 868 de
1291 810 1362 868 tota

406 907 510 990 patria
531 909 703 991 congestis,
725 909 883 972 exercitus
905 915 1120 990 congregatus
1135 929 1242 989 versus
1265 905 1368 970 Hun··

407 1011 610 1093 tingdoniam
621 1011 831 1095 procedebat:
846 1034 1009 1095 quumque
1022 1013 1086 1075 duo
1098 1013 1230 1076 comites
1244 1011 1361 1074 Sidrok

408 1114 513 1178 senior
531 1124 564 1178 et
582 1115 693 1199 junior
712 1115 747 1178 in
769 1116 910 1179 transitu
932 1115 1100 1178 fluviorum
1125 1115 1165 1178 ad
1188 1115 1360 1178 tutandam

407 1217 543 1281 caudam
572 1219 672 1282 totius
703 1220 861 1282 exercitus
892 1241 1017 1302 semper
1046 1219 1154 1282 ultimi
1182 1219 1361 1302 proficisse-

407 1331 531 1400 rentur,
547 1327 698 1406 totusque
721 1324 878 1386 exercitus
901 1344 1012 1386 corum
1034 1323 1166 1386 fiuvium
1190 1323 1229 1385 de
1246 1322 1362 1386 Neene

409 1425 512 1488 salvus
541 1426 767 1509 pertransisset
779 1453 788 1502 3
825 1426 887 1509 ipsi
916 1426 1050 1490 tandem
1079 1432 1294 1504 transeuntes,
1326 1426 1362 1492 in

409 1529 536 1611 gurgite
558 1529 644 1592 fluvii
660 1530 701 1593 ad
716 1530 827 1593 laevam
848 1530 955 1612 pontis
976 1529 1094 1612 lapidei
1111 1529 1362 1612 profundissimo

409 1631 489 1696 duos
519 1653 631 1696 currus
661 1632 827 1696 immensis
854 1632 977 1715 opibus,
1003 1640 1035 1696 et
1058 1633 1147 1697 varia
1172 1632 1363 1715 supellectili

409 1743 552 1814 onustos,
575 1757 650 1799 cum
674 1735 823 1799 omnibus
844 1735 1003 1819 jumentis
1029 1735 1192 1814 demersiS,
1216 1744 1249 1798 et
1272 1736 1363 1799 ante-

409 1860 506 1921 quam
536 1839 661 1902 extrahi
684 1846 844 1922 poterant,
872 1837 1021 1916 enecatiS,
1049 1838 1157 1902 subito
1185 1838 1363 1902 infortunio

408 1942 636 2025 perdiderunt:
670 1950 825 2025 occupata
847 1941 959 2025 itaque
980 1949 1051 2006 tota
1079 1942 1201 2005 familia
1226 1942 1364 2027 junioris

412 2042 528 2108 Sidrok
559 2044 599 2107 ad
629 2045 863 2108 extrahendum
894 2045 995 2110 dictos
1025 2066 1147 2124 currus,
1173 2052 1212 2108 ut
1237 2047 1273 2108 in
1302 2045 1364 2110 alia

409 2147 553 2230 plaustra
572 2153 604 2210 et
618 2147 764 2210 vehicula
781 2148 904 2236 praedas
923 2156 1090 2212 contentas
1109 2149 1216 2230 plures
1237 2149 1365 2213 solliciti

410 2251 676 2328 transmutarent,
703 2250 803 2313 frater
828 2229 991 2334 Turgarus
1021 2252 1213 2335 perfugam
1239 2253 1371 2335 elapsus

411 2352 447 2418 in
461 2354 606 2436 proxima
620 2353 787 2436 parietina,
797 2375 918 2438 perque
930 2362 1033 2419 totam
1044 2364 1173 2419 noctem
1186 2355 1364 2433 ambulans,

412 2454 539 2521 summo
569 2457 708 2521 diluculo
738 2458 900 2542 Croyland
928 2459 1092 2542 ingressus
1118 2465 1177 2522 est.
1236 2457 1365 2522 Invenit

412 2557 489 2642 ergo
512 2559 626 2623 fratres
650 2581 723 2624 suos
748 2561 993 2624 commonachos
1022 2560 1061 2624 de
1087 2561 1236 2644 Ankarig
1263 2561 1380 2643 pridie*

412 2663 542 2741 redisse,
565 2671 598 2726 et
619 2663 660 2726 ad
683 2663 939 2746 extinguendum
958 2664 1050 2746 ignes
1074 2665 1180 2728 adhuc
1199 2664 1235 2727 in
1254 2664 1366 2752 multis

414 2766 602 2830 monasterii
616 2766 692 2830 locis
708 2765 863 2830 durantes
884 2767 1058 2830 fortissime
1077 2767 1246 2832 insudare:
1270 2789 1366 2850 quem

296 2901 300 2904 ·
415 2891 515 2953 quum
549 2891 665 2932 sanum
691 2876 724 2932 et
752 2869 948 2933 incolumem
979 2865 1157 2948 cernerent,
1188 2871 1367 2953 aliqualiter

282 3056 283 3059 Ἴ
307 2967 309 2971 ’
365 3023 366 3026 ¹
404 2972 603 3050 ¹confortati3
627 2972 685 3036 sed
706 2972 874 3036 audientes
897 2972 936 3037 ab
957 2972 1079 3052 eodem,
1096 2973 1211 3056 quibus
1233 2973 1268 3036 in
1290 2974 1367 3038 locis

331 3077 332 3080 ’
380 3155 382 3162 γ
405 3083 481 3140 ιῢαη]
498 3076 596 3141 abbas
611 3097 732 3154 eorum,
750 3098 846 3158 quarn
863 3077 971 3140 caeteri
989 3076 1164 3140 confratres
1180 3083 1212 3140 et
1228 3077 1368 3141 seniores

378 3251 380 3256 ,
416 3169 529 3266 eorum
543 3179 638 3244 occisi
649 3179 811 3264 jacebant,
828 3186 861 3244 et
881 3180 1041 3264 quomodo
1056 3181 1165 3244 omnia
1184 3187 1369 3244 senctorum

405 3274 593 3369 sepulchra,
620 3295 652 3348 et
677 3284 899 3362 fundamenta,
927 3305 1079 3366 sacraque
1104 3284 1268 3347 volumina
1292 3305 1369 3347 cum

417 3385 602 3474 corporibus
617 3396 802 3452 sanctorum
821 3387 985 3452 confracta
998 3388 1128 3451 fuerant
1143 3395 1176 3451 et
1191 3380 1368 3466 combusta,

417 3485 625 3557 inestimabili
640 3492 747 3556 dolore
762 3513 873 3556 omnes
888 3491 1071 3556 contristati
1088 3497 1183 3569 sunt;
1206 3491 1372 3575 planctus·-

417 3617 479 3679 que
494 3601 528 3659 et
536 3596 684 3678 ploratus
700 3594 879 3659 diutissime
893 3595 998 3659 factus
1013 3603 1072 3659 est.
1107 3595 1252 3659 Tandem
1266 3595 1368 3678 lacry-

404 3697 610 3775 'missatiati
629 3697 670 3760 ad
692 3697 949 3780 extinguendum
970 3697 1122 3762 incendia
1142 3704 1349 3762 revertuntur
1361 3715 1372 3762 :¹

418 3801 584 3884 egerentes
599 3819 674 3862 vero
688 3799 818 3862 ruinam
832 3800 911 3864 tecti
926 3801 1067 3866 ecclesias
1082 3823 1158 3880 suae,
1173 3802 1259 3866 circa
1280 3795 1372 3886 mags

417 3925 497 3967 num
519 3902 618 3966 altare
638 3923 753 3985 corpus
768 3903 957 3968 venerabilis
977 3905 1078 3988 patris
1093 3905 1252 3970 Theodori
1272 3904 1370 3969 abba·

416 4007 463 4070 tis
474 4006 674 4091 reperierunt
683 4031 693 4084 3
717 4005 886 4071 eruderato
902 4029 978 4091 ergo
996 4009 1190 4074 monasterio
1210 4016 1280 4074 toto
1295 4031 1369 4074 cum

417 4111 515 4193 longo
529 4109 730 4192 maximoque
744 4109 862 4190 labore,
879 4118 911 4176 et
927 4112 967 4176 de
982 4112 1142 4176 cineribus
1162 4113 1295 4196 aliisque
1310 4113 1374 4176 ime

418 4213 586 4279 munditiis
598 4214 693 4298 juxta
707 4213 952 4296 possibilitatem
963 4217 1115 4300 temporis
1131 4223 1317 4301 expurgato,
1330 4216 1371 4281 de¹

418 4318 506 4382 inter
534 4339 588 4383 eos
616 4325 743 4401 pastore
773 4318 921 4402 eligendo
950 4319 1086 4385 invicem
1122 4321 1372 4404 colloquuntur;
