3226 5100
363 633 406 698 82
665 653 863 698 osnourcou
881 653 1024 697 aucum·

363 773 474 832 aestate
497 768 767 852 circumnavigare
790 776 1008 847 consueverat,
1032 767 1073 832 ad
1097 767 1318 833 defensionem

362 873 455 954 regni
470 871 520 935 sui
538 878 650 936 contra
669 878 803 951 exteros,
820 879 852 937 ct
872 872 1032 956 praecipue
1047 877 1160 936 contra
1175 870 1317 936 Danicos

361 976 492 1059 piratas,
519 976 575 1060 qni
597 983 704 1040 totum
731 976 931 1040 occidentem
961 976 1019 1040 diu
1046 975 1318 1059 inquietaverant

365 1078 492 1163 Hyeme
507 1085 539 1142 et
554 1100 627 1143 vere
642 1079 727 1142 infra
741 1100 880 1162 regnum
896 1101 992 1143 suum
1011 1099 1241 1162 usquequaque
1261 1099 1319 1161 per

363 1201 473 1245 omnes
503 1181 682 1266 provincias
705 1183 889 1266 Anglorum
918 1183 1067 1261 transire,
1094 1188 1128 1245 et
1157 1181 1317 1265 quomodo

362 1283 471 1366 legum
482 1285 565 1370 jura,
581 1290 614 1348 et
629 1305 760 1349 suorum
776 1292 899 1350 statuta
914 1286 1116 1349 decretorum
1132 1307 1152 1347 a
1165 1283 1317 1368 principi·

361 1385 421 1450 bus
444 1387 697 1467 observarentur,
718 1409 760 1452 nc
779 1409 936 1472 pauperes
956 1410 976 1452 a
994 1386 1181 1471 potentibus
1202 1387 1319 1470 praeju-

363 1489 482 1553 dicium
511 1489 595 1574 passi
625 1489 892 1575 opprimerentur,
920 1490 1093 1574 diligenter
1120 1488 1243 1552 solebat
1268 1489 1319 1552 in·

361 1593 527 1676 vestigare.
573 1594 674 1678 Cujus
694 1593 786 1659 obitu
804 1594 905 1658 totius
925 1593 1017 1677 regni
1038 1591 1248 1676 perturbatus
1269 1598 1319 1655 est

362 1702 474 1775 status,
506 1703 538 1761 et
567 1705 640 1782 post
668 1704 797 1782 tempus
826 1698 956 1776 laetitiae,
988 1697 1074 1780 quod
1105 1697 1192 1759 illius
1223 1695 1317 1759 annis

360 1800 497 1883 vigebat,
523 1800 688 1865 tribulatio
714 1801 811 1885 coepit
839 1801 967 1879 adesse3
991 1808 1062 1864 orta
1087 1821 1229 1882 namque
1255 1798 1318 1861 dis-

361 1904 507 1968 sensione
537 1904 577 1968 de
603 1905 768 1968 monachis
793 1912 826 1968 et
852 1903 1055 1969 monasteriis
1082 1902 1257 1988 ejiciendis,
1285 1908 1318 1966 et

360 2031 435 2093 rege
466 2010 623 2091 eligendo,
649 2009 783 2073 tandem
814 2009 985 2092 agentibus
1015 2008 1135 2072 sanctis
1161 2006 1318 2090 episcopis

359 2112 543 2190 Dunstan0,
570 2111 729 2191 Oswaldo,
758 2111 969 2190 Athelwoldo,
995 2118 1028 2175 et
1058 2111 1139 2190 aliis,
1166 2109 1318 2174 monachi

360 2215 450 2279 aedes
474 2237 548 2278 suas
577 2221 764 2279 constanter
786 2221 974 2295 tenuerunt,
1001 2221 1034 2278 et
1060 2214 1248 2292 Edwardus,
1278 2220 1319 2277 ut

360 2325 453 2403 pater
463 2319 612 2402 jusserat,
628 2318 664 2381 in
683 2340 793 2403 regem
816 2325 1032 2383 consecratur.
1076 2317 1235 2400 Tempora
1256 2316 1319 2380 ista

360 2422 486 2506 plenius
507 2421 650 2485 invenies
672 2422 708 2485 in
729 2422 803 2485 vitis
827 2428 1013 2486 sanctorum
1033 2427 1317 2503 contemporaneo·

360 2547 443 2604 rum,
467 2531 500 2588 et
523 2526 620 2590 etiam
641 2525 677 2588 in
699 2525 858 2590 chronicis
880 2524 1027 2607 magistri
1049 2523 1207 2588 Willelmi
1231 2523 1317 2586 Mal-

360 2627 599 2707 mesburiensis,
614 2629 773 2706 monachi,
790 2635 822 2692 et
840 2627 975 2692 Henrici
989 2626 1206 2718 archidiaconi
1223 2626 1319 2690 Hun-

361 2731 607 2815 tingdoniensis,
627 2739 660 2796 ct
684 2731 720 2795 in
743 2731 825 2795 libro
848 2730 951 2795 sancti
971 2729 1086 2794 Alredi
1108 2729 1243 2807 abbatis,
1264 2729 1320 2813 qui

360 2835 548 2898 intitulatur
573 2835 784 2919 Epitaphium
810 2856 926 2918 regum
951 2834 1131 2898 Scotorum.
1183 2832 1320 2896 Cometa

363 2939 519 3022 apparuit.

404 3043 490 3106 A.D.
507 3042 581 3108 976.
627 3043 742 3107 Fames
757 3042 862 3108 valida
877 3041 1030 3124 Angliam
1051 3039 1178 3103 invasit.
1225 3038 1317 3104 Obiit

363 3146 464 3229 Hugo
477 3167 534 3209 rex
549 3146 710 3211 Franciae:
735 3146 886 3210 successit
902 3144 1075 3209 Robc1tus.
1420 3141 1421 3144 ’

405 3253 446 3316 A.
457 3251 498 3315 D.
529 3253 604 3316 977.
663 3251 869 3333 Congregata
907 3247 1030 3333 synodo
1059 3245 1202 3329 generali
1231 3244 1318 3328 apud

363 3354 478 3434 Kalne,
510 3355 662 3419 solarium
698 3355 756 3419 ubi
792 3359 1008 3418 convenerant
1036 3351 1112 3428 ruit,
1144 3349 1317 3431 nullusque

362 3459 461 3523 evasit
483 3459 637 3523 immunis
655 3466 771 3543 praeter
790 3465 938 3522 sanctum
957 3456 1169 3519 Dunstanum
1178 3479 1187 3530 3
1211 3451 1318 3516 caeteri

362 3562 492 3640 mortui,
508 3563 558 3626 vel
577 3562 673 3625 ruina
692 3561 834 3640 contriti,
849 3561 902 3624 vix
922 3562 1102 3624 evaserunt.
1147 3554 1318 3619 Nodcarus

364 3664 462 3728 abbas
477 3663 602 3727 claruit.

405 3767 491 3830 Ab.
524 3770 598 3832 978.
659 3767 728 3830 Rex
757 3765 934 3830 Edwardus
968 3764 1041 3828 dolo
1070 3783 1219 3827 novercae
1251 3783 1318 3826 suoe

362 3869 512 3934 Estrildae
534 3868 620 3953 apud
640 3869 828 3952 Comisgate
844 3868 1009 3946 occiditur,
1026 3875 1059 3930 et
1082 3865 1168 3950 apud
1184 3866 1317 3928 Weram

362 3995 430 4038 non
452 3973 541 4056 regio
558 3995 646 4038 more
668 3975 866 4037 tumulatur:
890 3973 943 4036 cui
963 3973 1114 4036 successit
1130 3970 1229 4033 frater
1246 3970 1316 4053 ejus

363 4077 567 4157 Ethelredus,
597 4100 676 4162 puer
703 4078 814 4142 decem
840 4098 1010 4155 annorum
1036 4082 1108 4160 post
1134 4073 1317 4157 paschalem

363 4181 580 4262 festivitatem,
591 4181 642 4247 die
657 4181 826 4261 dominica,
839 4180 962 4245 decimo
978 4187 1089 4244 octavo
1104 4176 1317 4240 kalendarum

365 4285 457 4366 Maii,
467 4292 500 4350 et
516 4285 665 4350 asanctis
677 4285 919 4372 archiepiscopis
931 4284 1104 4347 Dunstano
1116 4287 1148 4344 et
1159 4278 1317 4357 Oswaldo,
