<?xml version="1.0" encoding="UTF-8"?>
<!DOCTYPE html PUBLIC "-//W3C//DTD XHTML 1.0 Transitional//EN"
    "http://www.w3.org/TR/xhtml1/DTD/xhtml1-transitional.dtd">
<html xmlns="http://www.w3.org/1999/xhtml" xml:lang="en" lang="en">
 <head>
  <title>
</title>
<meta http-equiv="Content-Type" content="text/html;charset=utf-8" />
  <meta name='ocr-system' content='tesseract 3.04.00' />
  <meta name='ocr-capabilities' content='ocr_page ocr_carea ocr_par ocr_line ocrx_word'/>
</head>
<body>
  <div class='ocr_page' id='page_1' title='image "./chroniconanglia00chrogoog_0176.png"; bbox 0 0 3216 5104; ppageno 0'>
   <div class='ocr_carea' id='block_1_1' title="bbox 335 556 981 618">
    <p class='ocr_par' dir='ltr' id='par_1_1' title="bbox 335 556 981 618">
     <span class='ocr_line' id='line_1_1' title="bbox 335 556 981 618; baseline -0.003 0"><span class='ocrx_word' id='word_1_1' title='bbox 335 556 400 618; x_wconf 80' lang='lat'>154</span> <span class='ocrx_word' id='word_1_2' title='bbox 631 571 829 618; x_wconf 80' lang='lat' dir='ltr'>cnaonroon</span> <span class='ocrx_word' id='word_1_3' title='bbox 845 571 981 616; x_wconf 71' lang='lat' dir='ltr'>suumn</span> 
     </span>
    </p>
   </div>
   <div class='ocr_carea' id='block_1_2' title="bbox 331 685 1285 1285">
    <p class='ocr_par' dir='ltr' id='par_1_2' title="bbox 331 685 1285 1285">
     <span class='ocr_line' id='line_1_2' title="bbox 334 685 1283 772; baseline -0.006 -17"><span class='ocrx_word' id='word_1_4' title='bbox 334 691 418 756; x_wconf 88' lang='lat' dir='ltr'>sium</span> <span class='ocrx_word' id='word_1_5' title='bbox 431 689 610 754; x_wconf 90' lang='lat' dir='ltr'>tumultum</span> <span class='ocrx_word' id='word_1_6' title='bbox 623 708 682 772; x_wconf 90' lang='lat' dir='ltr'>per</span> <span class='ocrx_word' id='word_1_7' title='bbox 696 687 879 752; x_wconf 85' lang='lat' dir='ltr'>Galfridurn</span> <span class='ocrx_word' id='word_1_8' title='bbox 896 687 936 752; x_wconf 90' lang='lat' dir='ltr'>de</span> <span class='ocrx_word' id='word_1_9' title='bbox 951 687 1113 770; x_wconf 84' lang='lat' dir='ltr'>Langelee</span> <span class='ocrx_word' id='word_1_10' title='bbox 1128 685 1283 750; x_wconf 83' lang='lat' dir='ltr'>senescal-</span> 
     </span>
     <span class='ocr_line' id='line_1_3' title="bbox 332 789 1284 875; baseline -0.005 -18"><span class='ocrx_word' id='word_1_11' title='bbox 332 794 402 857; x_wconf 91' lang='lat' dir='ltr'>lum</span> <span class='ocrx_word' id='word_1_12' title='bbox 423 792 507 875; x_wconf 88' lang='lat' dir='ltr'>regis</span> <span class='ocrx_word' id='word_1_13' title='bbox 525 791 707 874; x_wconf 88' lang='lat' dir='ltr'>Anglorum</span> <span class='ocrx_word' id='word_1_14' title='bbox 729 791 767 854; x_wconf 90' lang='lat' dir='ltr'>in</span> <span class='ocrx_word' id='word_1_15' title='bbox 784 791 848 854; x_wconf 89' lang='lat' dir='ltr'>illis</span> <span class='ocrx_word' id='word_1_16' title='bbox 868 789 1014 874; x_wconf 88' lang='lat' dir='ltr'>partibus</span> <span class='ocrx_word' id='word_1_17' title='bbox 1033 789 1234 873; x_wconf 87' lang='lat' dir='ltr'>deputatum,</span> <span class='ocrx_word' id='word_1_18' title='bbox 1250 793 1284 852; x_wconf 91' lang='lat' dir='ltr'>et</span> 
     </span>
     <span class='ocr_line' id='line_1_4' title="bbox 332 892 1285 978; baseline -0.003 -20"><span class='ocrx_word' id='word_1_19' title='bbox 332 895 522 959; x_wconf 87' lang='lat' dir='ltr'>insolentius</span> <span class='ocrx_word' id='word_1_20' title='bbox 548 915 581 958; x_wconf 88' lang='lat' dir='ltr'>se</span> <span class='ocrx_word' id='word_1_21' title='bbox 605 900 765 976; x_wconf 88' lang='lat' dir='ltr'>agentem,</span> <span class='ocrx_word' id='word_1_22' title='bbox 789 914 908 974; x_wconf 90' lang='lat' dir='ltr'>magno</span> <span class='ocrx_word' id='word_1_23' title='bbox 936 893 1077 978; x_wconf 84' lang='lat' dir='ltr'>periculo</span> <span class='ocrx_word' id='word_1_24' title='bbox 1102 892 1285 974; x_wconf 85' lang='lat' dir='ltr'>Anglorum</span> 
     </span>
     <span class='ocr_line' id='line_1_5' title="bbox 333 996 1284 1080; baseline -0.005 -19"><span class='ocrx_word' id='word_1_25' title='bbox 333 998 531 1075; x_wconf 88' lang='lat' dir='ltr'>suscitatum,</span> <span class='ocrx_word' id='word_1_26' title='bbox 555 996 665 1061; x_wconf 86' lang='lat' dir='ltr'>sedare</span> <span class='ocrx_word' id='word_1_27' title='bbox 688 1002 721 1060; x_wconf 92' lang='lat' dir='ltr'>et</span> <span class='ocrx_word' id='word_1_28' title='bbox 742 996 909 1080; x_wconf 86' lang='lat' dir='ltr'>pacificare</span> <span class='ocrx_word' id='word_1_29' title='bbox 933 1000 1159 1078; x_wconf 79' lang='lat' dir='ltr'><strong>proponentes,</strong></span> <span class='ocrx_word' id='word_1_30' title='bbox 1182 1013 1284 1076; x_wconf 87' lang='lat' dir='ltr'>usque</span> 
     </span>
     <span class='ocr_line' id='line_1_6' title="bbox 332 1095 1284 1184; baseline -0.005 -20"><span class='ocrx_word' id='word_1_31' title='bbox 332 1101 374 1164; x_wconf 90' lang='lat' dir='ltr'>ad</span> <span class='ocrx_word' id='word_1_32' title='bbox 397 1101 580 1184; x_wconf 87' lang='lat' dir='ltr'>quindecim</span> <span class='ocrx_word' id='word_1_33' title='bbox 603 1100 704 1164; x_wconf 90' lang='lat' dir='ltr'>millia</span> <span class='ocrx_word' id='word_1_34' title='bbox 728 1106 935 1178; x_wconf 88' lang='lat' dir='ltr'>armatorum,</span> <span class='ocrx_word' id='word_1_35' title='bbox 953 1098 1055 1163; x_wconf 86' lang='lat' dir='ltr'>ductu</span> <span class='ocrx_word' id='word_1_36' title='bbox 1075 1097 1205 1162; x_wconf 87' lang='lat' dir='ltr'>Ricardi</span> <span class='ocrx_word' id='word_1_37' title='bbox 1226 1095 1284 1160; x_wconf 92' lang='lat' dir='ltr'>filii</span> 
     </span>
     <span class='ocr_line' id='line_1_7' title="bbox 331 1198 1282 1285; baseline -0.003 -20"><span class='ocrx_word' id='word_1_38' title='bbox 331 1203 498 1281; x_wconf 87' lang='lat' dir='ltr'>Walweni,</span> <span class='ocrx_word' id='word_1_39' title='bbox 519 1201 675 1285; x_wconf 91' lang='lat' dir='ltr'>paludum</span> <span class='ocrx_word' id='word_1_40' title='bbox 696 1202 819 1284; x_wconf 82' lang='lat' dir='ltr'>uligine</span> <span class='ocrx_word' id='word_1_41' title='bbox 841 1201 943 1284; x_wconf 88' lang='lat' dir='ltr'>magis</span> <span class='ocrx_word' id='word_1_42' title='bbox 971 1222 1068 1284; x_wconf 88' lang='lat' dir='ltr'>quam</span> <span class='ocrx_word' id='word_1_43' title='bbox 1089 1200 1174 1264; x_wconf 87' lang='lat' dir='ltr'>ferro</span> <span class='ocrx_word' id='word_1_44' title='bbox 1199 1198 1282 1282; x_wconf 89' lang='lat' dir='ltr'>peri-</span> 
     </span>
    </p>
   </div>
   <div class='ocr_carea' id='block_1_3' title="bbox 332 1301 1283 1488">
    <p class='ocr_par' dir='ltr' id='par_1_3' title="bbox 332 1301 1283 1488">
     <span class='ocr_line' id='line_1_8' title="bbox 333 1301 1283 1387; baseline -0.005 -19"><span class='ocrx_word' id='word_1_45' title='bbox 333 1310 438 1368; x_wconf 88' lang='lat' dir='ltr'>erunt.</span> <span class='ocrx_word' id='word_1_46' title='bbox 487 1304 632 1368; x_wconf 82' lang='lat' dir='ltr'><strong>Tandem</strong></span> <span class='ocrx_word' id='word_1_47' title='bbox 655 1304 723 1386; x_wconf 87' lang='lat' dir='ltr'>ipse</span> <span class='ocrx_word' id='word_1_48' title='bbox 749 1303 905 1367; x_wconf 83' lang='lat' dir='ltr'>Lculinus</span> <span class='ocrx_word' id='word_1_49' title='bbox 931 1325 989 1387; x_wconf 87' lang='lat' dir='ltr'>per</span> <span class='ocrx_word' id='word_1_50' title='bbox 1011 1302 1223 1366; x_wconf 85' lang='lat' dir='ltr'>Edmundum</span> <span class='ocrx_word' id='word_1_51' title='bbox 1244 1301 1283 1363; x_wconf 85' lang='lat' dir='ltr'>de</span> 
     </span>
     <span class='ocr_line' id='line_1_9' title="bbox 332 1403 1283 1488; baseline -0.002 -19"><span class='ocrx_word' id='word_1_52' title='bbox 332 1405 467 1470; x_wconf 87' lang='lat' dir='ltr'>Mortuo</span> <span class='ocrx_word' id='word_1_53' title='bbox 481 1404 569 1470; x_wconf 87' lang='lat' dir='ltr'>Mari</span> <span class='ocrx_word' id='word_1_54' title='bbox 584 1404 680 1468; x_wconf 87' lang='lat' dir='ltr'>simili</span> <span class='ocrx_word' id='word_1_55' title='bbox 698 1411 765 1469; x_wconf 90' lang='lat' dir='ltr'>arte</span> <span class='ocrx_word' id='word_1_56' title='bbox 786 1405 916 1469; x_wconf 87' lang='lat' dir='ltr'>delusus</span> <span class='ocrx_word' id='word_1_57' title='bbox 931 1410 964 1468; x_wconf 86' lang='lat' dir='ltr'>et</span> <span class='ocrx_word' id='word_1_58' title='bbox 979 1410 1101 1487; x_wconf 87' lang='lat' dir='ltr'>captus,</span> <span class='ocrx_word' id='word_1_59' title='bbox 1116 1425 1173 1488; x_wconf 88' lang='lat' dir='ltr'>per</span> <span class='ocrx_word' id='word_1_60' title='bbox 1187 1403 1283 1468; x_wconf 84' lang='lat' dir='ltr'>vexil-</span> 
     </span>
    </p>
   </div>
   <div class='ocr_carea' id='block_1_4' title="bbox 332 1512 1305 4162">
    <p class='ocr_par' dir='ltr' id='par_1_4' title="bbox 332 1512 1284 2213">
     <span class='ocr_line' id='line_1_10' title="bbox 332 1512 1282 1596; baseline -0.001 -19"><span class='ocrx_word' id='word_1_61' title='bbox 332 1513 450 1577; x_wconf 87' lang='lat' dir='ltr'>larium</span> <span class='ocrx_word' id='word_1_62' title='bbox 472 1512 595 1577; x_wconf 92' lang='lat' dir='ltr'>domini</span> <span class='ocrx_word' id='word_1_63' title='bbox 611 1513 730 1596; x_wconf 89' lang='lat' dir='ltr'>Rogeri</span> <span class='ocrx_word' id='word_1_64' title='bbox 751 1514 782 1576; x_wconf 89' lang='lat' dir='ltr'>le</span> <span class='ocrx_word' id='word_1_65' title='bbox 806 1513 969 1596; x_wconf 86' lang='lat' dir='ltr'>Straungc</span> <span class='ocrx_word' id='word_1_66' title='bbox 992 1514 1124 1577; x_wconf 92' lang='lat' dir='ltr'>nomine</span> <span class='ocrx_word' id='word_1_67' title='bbox 1148 1513 1282 1596; x_wconf 87' lang='lat' dir='ltr'>Stepha-</span> 
     </span>
     <span class='ocr_line' id='line_1_11' title="bbox 332 1614 1284 1698; baseline -0.002 -18"><span class='ocrx_word' id='word_1_68' title='bbox 332 1637 414 1680; x_wconf 88' lang='lat' dir='ltr'>num</span> <span class='ocrx_word' id='word_1_69' title='bbox 436 1615 477 1680; x_wconf 93' lang='lat' dir='ltr'>de</span> <span class='ocrx_word' id='word_1_70' title='bbox 500 1615 697 1698; x_wconf 88' lang='lat' dir='ltr'>Strangeton</span> <span class='ocrx_word' id='word_1_71' title='bbox 719 1614 894 1680; x_wconf 75' lang='lat' dir='ltr'>decollatus</span> <span class='ocrx_word' id='word_1_72' title='bbox 917 1621 983 1679; x_wconf 87' lang='lat' dir='ltr'>est:</span> <span class='ocrx_word' id='word_1_73' title='bbox 1008 1621 1041 1679; x_wconf 88' lang='lat' dir='ltr'>et</span> <span class='ocrx_word' id='word_1_74' title='bbox 1055 1614 1170 1692; x_wconf 81' lang='lat' dir='ltr'>David,</span> <span class='ocrx_word' id='word_1_75' title='bbox 1185 1615 1284 1678; x_wconf 80' lang='lat' dir='ltr'>frater</span> 
     </span>
     <span class='ocr_line' id='line_1_12' title="bbox 332 1716 1284 1803; baseline -0.001 -21"><span class='ocrx_word' id='word_1_76' title='bbox 332 1719 412 1803; x_wconf 86' lang='lat' dir='ltr'>ejus,</span> <span class='ocrx_word' id='word_1_77' title='bbox 442 1739 499 1801; x_wconf 89' lang='lat' dir='ltr'>per</span> <span class='ocrx_word' id='word_1_78' title='bbox 521 1717 701 1783; x_wconf 85' lang='lat' dir='ltr'>Wallenses</span> <span class='ocrx_word' id='word_1_79' title='bbox 729 1719 877 1802; x_wconf 88' lang='lat' dir='ltr'>princeps</span> <span class='ocrx_word' id='word_1_80' title='bbox 899 1717 1026 1783; x_wconf 86' lang='lat' dir='ltr'>Walliae</span> <span class='ocrx_word' id='word_1_81' title='bbox 1055 1723 1088 1782; x_wconf 87' lang='lat' dir='ltr'>et</span> <span class='ocrx_word' id='word_1_82' title='bbox 1118 1717 1184 1781; x_wconf 84' lang='lat' dir='ltr'>dux</span> <span class='ocrx_word' id='word_1_83' title='bbox 1208 1716 1284 1782; x_wconf 95' lang='lat' dir='ltr'>belli</span> 
     </span>
     <span class='ocr_line' id='line_1_13' title="bbox 332 1820 1283 1903; baseline -0.001 -18"><span class='ocrx_word' id='word_1_84' title='bbox 332 1827 447 1886; x_wconf 88' lang='lat' dir='ltr'>contra</span> <span class='ocrx_word' id='word_1_85' title='bbox 468 1821 592 1903; x_wconf 91' lang='lat' dir='ltr'>Anglos</span> <span class='ocrx_word' id='word_1_86' title='bbox 618 1821 836 1886; x_wconf 87' lang='lat' dir='ltr'>conclamatus</span> <span class='ocrx_word' id='word_1_87' title='bbox 862 1826 921 1886; x_wconf 86' lang='lat' dir='ltr'>est.</span> <span class='ocrx_word' id='word_1_88' title='bbox 975 1820 1214 1885; x_wconf 87' lang='lat' dir='ltr'>Monasterinm</span> <span class='ocrx_word' id='word_1_89' title='bbox 1238 1821 1283 1884; x_wconf 89' lang='lat' dir='ltr'>al-</span> 
     </span>
     <span class='ocr_line' id='line_1_14' title="bbox 332 1923 1283 2008; baseline -0.002 -20"><span class='ocrx_word' id='word_1_90' title='bbox 332 1923 449 1988; x_wconf 90' lang='lat' dir='ltr'>borum</span> <span class='ocrx_word' id='word_1_91' title='bbox 476 1923 708 1988; x_wconf 85' lang='lat' dir='ltr'>monachorum</span> <span class='ocrx_word' id='word_1_92' title='bbox 737 1923 822 2007; x_wconf 89' lang='lat' dir='ltr'>apud</span> <span class='ocrx_word' id='word_1_93' title='bbox 845 1923 1006 1988; x_wconf 82' lang='lat' dir='ltr'>Oxoniam</span> <span class='ocrx_word' id='word_1_94' title='bbox 1033 1943 1090 2008; x_wconf 88' lang='lat' dir='ltr'>per</span> <span class='ocrx_word' id='word_1_95' title='bbox 1115 1923 1283 1987; x_wconf 90' lang='lat' dir='ltr'>dominum</span> 
     </span>
     <span class='ocr_line' id='line_1_15' title="bbox 333 2025 1283 2106; baseline 0.002 -18"><span class='ocrx_word' id='word_1_96' title='bbox 333 2025 553 2102; x_wconf 84' lang='lat' dir='ltr'>Edmundum,</span> <span class='ocrx_word' id='word_1_97' title='bbox 584 2027 735 2091; x_wconf 85' lang='lat' dir='ltr'>comitem</span> <span class='ocrx_word' id='word_1_98' title='bbox 760 2025 940 2106; x_wconf 82' lang='lat' dir='ltr'>Cornubiae,</span> <span class='ocrx_word' id='word_1_99' title='bbox 964 2026 1138 2091; x_wconf 79' lang='lat' dir='ltr'>fundatum</span> <span class='ocrx_word' id='word_1_100' title='bbox 1167 2032 1225 2106; x_wconf 88' lang='lat' dir='ltr'>est,</span> <span class='ocrx_word' id='word_1_101' title='bbox 1250 2031 1283 2090; x_wconf 88' lang='lat' dir='ltr'>et</span> 
     </span>
     <span class='ocr_line' id='line_1_16' title="bbox 334 2128 789 2213; baseline 0 -20"><span class='ocrx_word' id='word_1_102' title='bbox 334 2128 465 2212; x_wconf 81' lang='lat' dir='ltr'>Regalis</span> <span class='ocrx_word' id='word_1_103' title='bbox 480 2128 586 2192; x_wconf 87' lang='lat' dir='ltr'>Locus</span> <span class='ocrx_word' id='word_1_104' title='bbox 601 2129 789 2213; x_wconf 86' lang='lat' dir='ltr'>appellatur.</span> 
     </span>
    </p>

    <p class='ocr_par' dir='ltr' id='par_1_5' title="bbox 334 2229 1284 2622">
     <span class='ocr_line' id='line_1_17' title="bbox 376 2229 1282 2296; baseline -0.002 -1"><span class='ocrx_word' id='word_1_105' title='bbox 376 2231 460 2295; x_wconf 85' lang='lat' dir='ltr'><strong>A.D.</strong></span> <span class='ocrx_word' id='word_1_106' title='bbox 493 2232 588 2295; x_wconf 94' lang='grc'><strong>1282.</strong></span> <span class='ocrx_word' id='word_1_107' title='bbox 644 2231 804 2296; x_wconf 87' lang='lat' dir='ltr'>Dominus</span> <span class='ocrx_word' id='word_1_108' title='bbox 839 2252 896 2295; x_wconf 83' lang='lat' dir='ltr'>rex</span> <span class='ocrx_word' id='word_1_109' title='bbox 924 2230 1102 2296; x_wconf 85' lang='lat' dir='ltr'>Edwardus</span> <span class='ocrx_word' id='word_1_110' title='bbox 1130 2229 1282 2294; x_wconf 89' lang='lat' dir='ltr'>Walliam</span> 
     </span>
     <span class='ocr_line' id='line_1_18' title="bbox 334 2332 1284 2418; baseline -0.001 -20"><span class='ocrx_word' id='word_1_111' title='bbox 334 2332 423 2411; x_wconf 88' lang='lat' dir='ltr'>adiit,</span> <span class='ocrx_word' id='word_1_112' title='bbox 450 2338 483 2397; x_wconf 88' lang='lat' dir='ltr'>et</span> <span class='ocrx_word' id='word_1_113' title='bbox 506 2333 611 2397; x_wconf 87' lang='lat' dir='ltr'>David</span> <span class='ocrx_word' id='word_1_114' title='bbox 633 2354 754 2398; x_wconf 88' lang='lat' dir='ltr'>novum</span> <span class='ocrx_word' id='word_1_115' title='bbox 775 2333 953 2416; x_wconf 88' lang='lat' dir='ltr'>principem</span> <span class='ocrx_word' id='word_1_116' title='bbox 974 2333 1069 2418; x_wconf 88' lang='lat' dir='ltr'>cepit.</span> <span class='ocrx_word' id='word_1_117' title='bbox 1114 2335 1213 2397; x_wconf 85' lang='lat' dir='ltr'>Facta</span> <span class='ocrx_word' id='word_1_118' title='bbox 1234 2338 1284 2397; x_wconf 86' lang='lat' dir='ltr'>est</span> 
     </span>
     <span class='ocr_line' id='line_1_19' title="bbox 334 2435 1283 2520; baseline 0.002 -22"><span class='ocrx_word' id='word_1_119' title='bbox 334 2435 433 2498; x_wconf 89' lang='lat' dir='ltr'>etiam</span> <span class='ocrx_word' id='word_1_120' title='bbox 447 2435 617 2500; x_wconf 88' lang='lat' dir='ltr'>concordia</span> <span class='ocrx_word' id='word_1_121' title='bbox 635 2435 721 2499; x_wconf 91' lang='lat' dir='ltr'>inter</span> <span class='ocrx_word' id='word_1_122' title='bbox 736 2436 903 2500; x_wconf 90' lang='lat' dir='ltr'>dominum</span> <span class='ocrx_word' id='word_1_123' title='bbox 919 2435 1084 2500; x_wconf 89' lang='lat' dir='ltr'>Oliverum</span> <span class='ocrx_word' id='word_1_124' title='bbox 1099 2436 1283 2520; x_wconf 85' lang='lat' dir='ltr'>episcopum</span> 
     </span>
     <span class='ocr_line' id='line_1_20' title="bbox 334 2536 1132 2622; baseline 0.001 -21"><span class='ocrx_word' id='word_1_125' title='bbox 334 2536 602 2617; x_wconf 85' lang='lat' dir='ltr'>Lincolniensem,</span> <span class='ocrx_word' id='word_1_126' title='bbox 618 2542 652 2602; x_wconf 87' lang='lat' dir='ltr'>ot</span> <span class='ocrx_word' id='word_1_127' title='bbox 667 2538 841 2602; x_wconf 76' lang='lat' dir='ltr'>Ricardum</span> <span class='ocrx_word' id='word_1_128' title='bbox 856 2538 1006 2604; x_wconf 81' lang='lat' dir='ltr'>abbatem</span> <span class='ocrx_word' id='word_1_129' title='bbox 1020 2539 1132 2622; x_wconf 85' lang='lat' dir='ltr'>Burgi.</span> 
     </span>
    </p>

    <p class='ocr_par' dir='ltr' id='par_1_6' title="bbox 334 2641 1284 3346">
     <span class='ocr_line' id='line_1_21' title="bbox 377 2641 1283 2726; baseline 0.001 -21"><span class='ocrx_word' id='word_1_130' title='bbox 377 2641 462 2705; x_wconf 70' lang='lat' dir='ltr'>al).</span> <span class='ocrx_word' id='word_1_131' title='bbox 480 2642 575 2705; x_wconf 87' lang='grc'><strong>1283.</strong></span> <span class='ocrx_word' id='word_1_132' title='bbox 620 2641 734 2721; x_wconf 89' lang='lat' dir='ltr'>David,</span> <span class='ocrx_word' id='word_1_133' title='bbox 749 2642 849 2707; x_wconf 85' lang='lat' dir='ltr'>frater</span> <span class='ocrx_word' id='word_1_134' title='bbox 863 2643 1002 2722; x_wconf 83' lang='lat' dir='ltr'>Leulini,</span> <span class='ocrx_word' id='word_1_135' title='bbox 1019 2643 1181 2726; x_wconf 91' lang='lat' dir='ltr'>quondam</span> <span class='ocrx_word' id='word_1_136' title='bbox 1195 2642 1283 2726; x_wconf 88' lang='lat' dir='ltr'>prin-</span> 
     </span>
     <span class='ocr_line' id='line_1_22' title="bbox 334 2741 1283 2829; baseline 0.001 -21"><span class='ocrx_word' id='word_1_137' title='bbox 334 2742 411 2826; x_wconf 87' lang='lat' dir='ltr'>cipis</span> <span class='ocrx_word' id='word_1_138' title='bbox 425 2741 561 2821; x_wconf 84' lang='lat' dir='ltr'>Walliae,</span> <span class='ocrx_word' id='word_1_139' title='bbox 583 2750 694 2827; x_wconf 88' lang='lat' dir='ltr'>captus</span> <span class='ocrx_word' id='word_1_140' title='bbox 705 2766 714 2820; x_wconf 86' lang='lat'><em>3</em></span> <span class='ocrx_word' id='word_1_141' title='bbox 740 2751 782 2823; x_wconf 89' lang='lat' dir='ltr'>et,</span> <span class='ocrx_word' id='word_1_142' title='bbox 800 2745 1031 2829; x_wconf 85' lang='lat' dir='ltr'>perjudicium</span> <span class='ocrx_word' id='word_1_143' title='bbox 1054 2745 1177 2808; x_wconf 90' lang='lat' dir='ltr'>domini</span> <span class='ocrx_word' id='word_1_144' title='bbox 1198 2746 1283 2828; x_wconf 88' lang='lat' dir='ltr'>regis</span> 
     </span>
     <span class='ocr_line' id='line_1_23' title="bbox 335 2844 1284 2931; baseline 0.001 -22"><span class='ocrx_word' id='word_1_145' title='bbox 335 2844 473 2928; x_wconf 83' lang='lat' dir='ltr'>Angliae,</span> <span class='ocrx_word' id='word_1_146' title='bbox 488 2851 611 2910; x_wconf 88' lang='lat' dir='ltr'>tractus</span> <span class='ocrx_word' id='word_1_147' title='bbox 630 2852 662 2910; x_wconf 89' lang='lat' dir='ltr'>et</span> <span class='ocrx_word' id='word_1_148' title='bbox 682 2867 863 2931; x_wconf 86' lang='lat' dir='ltr'>suspensus,</span> <span class='ocrx_word' id='word_1_149' title='bbox 883 2869 920 2912; x_wconf 82' lang='lat' dir='ltr'>ac</span> <span class='ocrx_word' id='word_1_150' title='bbox 937 2847 1143 2912; x_wconf 87' lang='lat' dir='ltr'>membratim</span> <span class='ocrx_word' id='word_1_151' title='bbox 1165 2847 1284 2911; x_wconf 85' lang='lat' dir='ltr'>divisus</span> 
     </span>
     <span class='ocr_line' id='line_1_24' title="bbox 334 2947 1283 3033; baseline 0.002 -21"><span class='ocrx_word' id='word_1_152' title='bbox 334 2955 383 3012; x_wconf 89' lang='lat' dir='ltr'>est</span> <span class='ocrx_word' id='word_1_153' title='bbox 394 2973 404 3027; x_wconf 78' lang='lat'><em>3</em></span> <span class='ocrx_word' id='word_1_154' title='bbox 427 2954 460 3013; x_wconf 87' lang='lat' dir='ltr'>et</span> <span class='ocrx_word' id='word_1_155' title='bbox 482 2947 527 3011; x_wconf 88' lang='lat' dir='ltr'>sic</span> <span class='ocrx_word' id='word_1_156' title='bbox 550 2948 668 3012; x_wconf 89' lang='lat' dir='ltr'>Wallia</span> <span class='ocrx_word' id='word_1_157' title='bbox 692 2949 761 3032; x_wconf 87' lang='lat' dir='ltr'>regi</span> <span class='ocrx_word' id='word_1_158' title='bbox 782 2948 911 3033; x_wconf 84' lang='lat' dir='ltr'>Angliae</span> <span class='ocrx_word' id='word_1_159' title='bbox 931 2951 1059 3014; x_wconf 89' lang='lat' dir='ltr'>subdita</span> <span class='ocrx_word' id='word_1_160' title='bbox 1080 2956 1130 3014; x_wconf 87' lang='lat' dir='ltr'>est</span> <span class='ocrx_word' id='word_1_161' title='bbox 1153 2956 1186 3014; x_wconf 89' lang='lat' dir='ltr'>et</span> <span class='ocrx_word' id='word_1_162' title='bbox 1208 2971 1283 3014; x_wconf 90' lang='lat' dir='ltr'>oon-</span> 
     </span>
     <span class='ocr_line' id='line_1_25' title="bbox 335 3050 1284 3136; baseline 0.001 -21"><span class='ocrx_word' id='word_1_163' title='bbox 335 3051 462 3134; x_wconf 86' lang='lat' dir='ltr'>quisita.</span> <span class='ocrx_word' id='word_1_164' title='bbox 492 3050 657 3115; x_wconf 84' lang='lat' dir='ltr'>Martinus</span> <span class='ocrx_word' id='word_1_165' title='bbox 671 3073 754 3135; x_wconf 88' lang='lat' dir='ltr'>papa</span> <span class='ocrx_word' id='word_1_166' title='bbox 764 3052 900 3116; x_wconf 89' lang='lat' dir='ltr'>mutavit</span> <span class='ocrx_word' id='word_1_167' title='bbox 916 3073 1031 3136; x_wconf 87' lang='lat' dir='ltr'>cappas</span> <span class='ocrx_word' id='word_1_168' title='bbox 1042 3053 1179 3116; x_wconf 85' lang='lat' dir='ltr'>fratrum</span> <span class='ocrx_word' id='word_1_169' title='bbox 1193 3073 1284 3116; x_wconf 88' lang='lat' dir='ltr'>men·</span> 
     </span>
     <span class='ocr_line' id='line_1_26' title="bbox 335 3154 1284 3239; baseline 0 -21"><span class='ocrx_word' id='word_1_170' title='bbox 335 3154 513 3218; x_wconf 82' lang='lat' dir='ltr'>dicentium</span> <span class='ocrx_word' id='word_1_171' title='bbox 527 3155 775 3220; x_wconf 73' lang='lat' dir='ltr'>carmelitarum</span> <span class='ocrx_word' id='word_1_172' title='bbox 792 3155 829 3218; x_wconf 91' lang='lat' dir='ltr'>in</span> <span class='ocrx_word' id='word_1_173' title='bbox 848 3155 967 3235; x_wconf 86' lang='lat' dir='ltr'>album,</span> <span class='ocrx_word' id='word_1_174' title='bbox 989 3175 1061 3238; x_wconf 76' lang='lat' dir='ltr'>quae</span> <span class='ocrx_word' id='word_1_175' title='bbox 1081 3155 1170 3239; x_wconf 88' lang='lat' dir='ltr'>prius</span> <span class='ocrx_word' id='word_1_176' title='bbox 1192 3160 1284 3219; x_wconf 88' lang='lat' dir='ltr'>erant</span> 
     </span>
     <span class='ocr_line' id='line_1_27' title="bbox 336 3257 1064 3346; baseline 0.001 -25"><span class='ocrx_word' id='word_1_177' title='bbox 336 3258 530 3340; x_wconf 86' lang='lat' dir='ltr'>stragulatae,</span> <span class='ocrx_word' id='word_1_178' title='bbox 544 3257 687 3337; x_wconf 87' lang='lat' dir='ltr'>radiatae,</span> <span class='ocrx_word' id='word_1_179' title='bbox 703 3265 736 3322; x_wconf 87' lang='lat' dir='ltr'>et</span> <span class='ocrx_word' id='word_1_180' title='bbox 750 3257 921 3342; x_wconf 84' lang='lat' dir='ltr'>byrrhatae.</span> <span class='ocrx_word' id='word_1_181' title='bbox 1060 3337 1064 3346; x_wconf 67' lang='lat'>,</span> 
     </span>
    </p>

    <p class='ocr_par' dir='ltr' id='par_1_7' title="bbox 335 3359 1305 4162">
     <span class='ocr_line' id='line_1_28' title="bbox 377 3359 1285 3444; baseline 0.001 -21"><span class='ocrx_word' id='word_1_182' title='bbox 377 3359 578 3424; x_wconf 79' lang='lat' dir='ltr'><strong>A.D.1284.</strong></span> <span class='ocrx_word' id='word_1_183' title='bbox 623 3359 802 3423; x_wconf 79' lang='lat' dir='ltr'>Translatio</span> <span class='ocrx_word' id='word_1_184' title='bbox 824 3359 927 3424; x_wconf 86' lang='lat' dir='ltr'>sancti</span> <span class='ocrx_word' id='word_1_185' title='bbox 941 3359 1107 3439; x_wconf 91' lang='lat' dir='ltr'>Willelmi,</span> <span class='ocrx_word' id='word_1_186' title='bbox 1131 3359 1285 3444; x_wconf 89' lang='lat' dir='ltr'>archiepi-</span> 
     </span>
     <span class='ocr_line' id='line_1_29' title="bbox 335 3459 1284 3547; baseline 0.004 -24"><span class='ocrx_word' id='word_1_187' title='bbox 335 3459 423 3543; x_wconf 80' lang='lat' dir='ltr'>scopi</span> <span class='ocrx_word' id='word_1_188' title='bbox 436 3459 646 3526; x_wconf 83' lang='lat' dir='ltr'>Eboracensis</span> <span class='ocrx_word' id='word_1_189' title='bbox 660 3482 718 3544; x_wconf 86' lang='lat' dir='ltr'>per</span> <span class='ocrx_word' id='word_1_190' title='bbox 728 3462 896 3526; x_wconf 89' lang='lat' dir='ltr'>dominum</span> <span class='ocrx_word' id='word_1_191' title='bbox 910 3461 1090 3526; x_wconf 90' lang='lat' dir='ltr'>Antonium</span> <span class='ocrx_word' id='word_1_192' title='bbox 1107 3463 1197 3527; x_wconf 84' lang='lat' dir='ltr'>Beck</span> <span class='ocrx_word' id='word_1_193' title='bbox 1211 3483 1284 3547; x_wconf 88' lang='lat' dir='ltr'>pro-</span> 
     </span>
     <span class='ocr_line' id='line_1_30' title="bbox 336 3565 1284 3650; baseline 0.006 -24"><span class='ocrx_word' id='word_1_194' title='bbox 336 3569 449 3626; x_wconf 89' lang='lat' dir='ltr'>curata</span> <span class='ocrx_word' id='word_1_195' title='bbox 462 3570 496 3628; x_wconf 88' lang='lat' dir='ltr'>et</span> <span class='ocrx_word' id='word_1_196' title='bbox 510 3565 679 3646; x_wconf 90' lang='lat' dir='ltr'>magnifice</span> <span class='ocrx_word' id='word_1_197' title='bbox 694 3565 854 3630; x_wconf 85' lang='lat' dir='ltr'>celebrata</span> <span class='ocrx_word' id='word_1_198' title='bbox 868 3572 934 3630; x_wconf 87' lang='lat' dir='ltr'>est:</span> <span class='ocrx_word' id='word_1_199' title='bbox 957 3566 1088 3650; x_wconf 89' lang='lat' dir='ltr'>ipseque</span> <span class='ocrx_word' id='word_1_200' title='bbox 1103 3567 1217 3632; x_wconf 86' lang='lat' dir='ltr'>eodem</span> <span class='ocrx_word' id='word_1_201' title='bbox 1232 3567 1284 3632; x_wconf 91' lang='lat' dir='ltr'>die</span> 
     </span>
     <span class='ocr_line' id='line_1_31' title="bbox 335 3665 1284 3754; baseline 0.006 -26"><span class='ocrx_word' id='word_1_202' title='bbox 335 3665 371 3729; x_wconf 92' lang='lat' dir='ltr'>in</span> <span class='ocrx_word' id='word_1_203' title='bbox 396 3665 579 3751; x_wconf 87' lang='lat' dir='ltr'>episcopum</span> <span class='ocrx_word' id='word_1_204' title='bbox 602 3667 866 3748; x_wconf 88' lang='lat' dir='ltr'>Dunelmensem,</span> <span class='ocrx_word' id='word_1_205' title='bbox 892 3669 1104 3752; x_wconf 87' lang='lat' dir='ltr'>praescntibus</span> <span class='ocrx_word' id='word_1_206' title='bbox 1130 3670 1284 3754; x_wconf 86' lang='lat' dir='ltr'>archiepi-</span> 
     </span>
     <span class='ocr_line' id='line_1_32' title="bbox 336 3767 1286 3855; baseline 0.007 -25"><span class='ocrx_word' id='word_1_207' title='bbox 336 3767 439 3850; x_wconf 85' lang='lat' dir='ltr'>scopis</span> <span class='ocrx_word' id='word_1_208' title='bbox 468 3774 501 3831; x_wconf 92' lang='lat' dir='ltr'>et</span> <span class='ocrx_word' id='word_1_209' title='bbox 525 3767 687 3852; x_wconf 87' lang='lat' dir='ltr'>episcopis,</span> <span class='ocrx_word' id='word_1_210' title='bbox 711 3792 787 3854; x_wconf 88' lang='lat' dir='ltr'>rege</span> <span class='ocrx_word' id='word_1_211' title='bbox 811 3778 844 3836; x_wconf 90' lang='lat' dir='ltr'>et</span> <span class='ocrx_word' id='word_1_212' title='bbox 867 3771 990 3854; x_wconf 88' lang='lat' dir='ltr'>regina,</span> <span class='ocrx_word' id='word_1_213' title='bbox 1015 3778 1048 3837; x_wconf 91' lang='lat' dir='ltr'>et</span> <span class='ocrx_word' id='word_1_214' title='bbox 1070 3772 1171 3837; x_wconf 88' lang='lat' dir='ltr'>totius</span> <span class='ocrx_word' id='word_1_215' title='bbox 1193 3773 1286 3855; x_wconf 86' lang='lat' dir='ltr'>regni</span> 
     </span>
     <span class='ocr_line' id='line_1_33' title="bbox 335 3869 1305 3957; baseline 0.005 -23"><span class='ocrx_word' id='word_1_216' title='bbox 335 3869 519 3954; x_wconf 86' lang='lat' dir='ltr'>majoribus,</span> <span class='ocrx_word' id='word_1_217' title='bbox 544 3879 756 3937; x_wconf 88' lang='lat' dir='ltr'>consecratur.</span> <span class='ocrx_word' id='word_1_218' title='bbox 802 3875 965 3953; x_wconf 76' lang='lat' dir='ltr'>Alfenam,</span> <span class='ocrx_word' id='word_1_219' title='bbox 985 3875 1070 3939; x_wconf 87' lang='lat' dir='ltr'>filius</span> <span class='ocrx_word' id='word_1_220' title='bbox 1093 3875 1188 3957; x_wconf 88' lang='lat' dir='ltr'>regis,</span> <span class='ocrx_word' id='word_1_221' title='bbox 1208 3876 1305 3940; x_wconf 74' lang='lat' dir='ltr'>duo·&#39;</span> 
     </span>
     <span class='ocr_line' id='line_1_34' title="bbox 336 3973 1285 4062; baseline 0.005 -25"><span class='ocrx_word' id='word_1_222' title='bbox 336 3973 440 4037; x_wconf 87' lang='lat' dir='ltr'>decim</span> <span class='ocrx_word' id='word_1_223' title='bbox 469 3995 571 4038; x_wconf 89' lang='lat' dir='ltr'>annos</span> <span class='ocrx_word' id='word_1_224' title='bbox 598 3975 703 4038; x_wconf 80' lang='lat' dir='ltr'>rotatis</span> <span class='ocrx_word' id='word_1_225' title='bbox 730 3976 863 4057; x_wconf 85' lang='lat' dir='ltr'>habens,</span> <span class='ocrx_word' id='word_1_226' title='bbox 889 3978 979 4058; x_wconf 90' lang='lat' dir='ltr'>obiit,</span> <span class='ocrx_word' id='word_1_227' title='bbox 1005 3983 1040 4043; x_wconf 90' lang='lat' dir='ltr'>et</span> <span class='ocrx_word' id='word_1_228' title='bbox 1068 3978 1154 4062; x_wconf 88' lang='lat' dir='ltr'>apud</span> <span class='ocrx_word' id='word_1_229' title='bbox 1178 3980 1285 4042; x_wconf 89' lang='lat' dir='ltr'>West·</span> 
     </span>
     <span class='ocr_line' id='line_1_35' title="bbox 335 4077 799 4162; baseline 0.004 -20"><span class='ocrx_word' id='word_1_230' title='bbox 335 4077 567 4142; x_wconf 84' lang='lat' dir='ltr'>monasterium</span> <span class='ocrx_word' id='word_1_231' title='bbox 582 4083 631 4142; x_wconf 89' lang='lat' dir='ltr'>est</span> <span class='ocrx_word' id='word_1_232' title='bbox 645 4079 799 4162; x_wconf 87' lang='lat' dir='ltr'>sepultus.</span> 
     </span>
    </p>
   </div>
   <div class='ocr_carea' id='block_1_5' title="bbox 379 4181 1286 4270">
    <p class='ocr_par' dir='ltr' id='par_1_8' title="bbox 379 4181 1286 4270">
     <span class='ocr_line' id='line_1_36' title="bbox 379 4181 1286 4270; baseline 0.001 -23"><span class='ocrx_word' id='word_1_233' title='bbox 379 4183 465 4248; x_wconf 70' lang='lat' dir='ltr'>al).</span> <span class='ocrx_word' id='word_1_234' title='bbox 489 4185 583 4249; x_wconf 88' lang='grc'><strong>1285.</strong></span> <span class='ocrx_word' id='word_1_235' title='bbox 628 4181 719 4248; x_wconf 88' lang='lat' dir='ltr'>Obiit</span> <span class='ocrx_word' id='word_1_236' title='bbox 744 4183 908 4251; x_wconf 86' lang='lat' dir='ltr'>Martinus</span> <span class='ocrx_word' id='word_1_237' title='bbox 932 4206 1033 4270; x_wconf 83' lang='lat' dir='ltr'>papa3</span> <span class='ocrx_word' id='word_1_238' title='bbox 1056 4183 1110 4250; x_wconf 88' lang='lat' dir='ltr'>cui</span> <span class='ocrx_word' id='word_1_239' title='bbox 1135 4183 1286 4250; x_wconf 85' lang='lat' dir='ltr'>successit</span> 
     </span>
    </p>
   </div>
   <div class='ocr_carea' id='block_1_6' title="bbox 0 0 1612 5104">
    <p class='ocr_par' dir='ltr' id='par_1_9' title="bbox 0 0 1612 5104">
     <span class='ocr_line' id='line_1_37' title="bbox 0 0 1612 5104; baseline 0 0"><span class='ocrx_word' id='word_1_240' title='bbox 0 0 1612 5104; x_wconf 95' lang='lat' dir='ltr'> </span> 
     </span>
    </p>
   </div>
  </div>
 </body>
</html>
