3216 5104
332 582 396 645 158
628 599 827 646 csaouroos
844 602 978 647 anatra

328 714 472 781 Francia
485 719 574 780 mota
588 719 638 779 est
651 736 710 799 pro
720 715 897 781 Vasconis:
922 716 1041 800 incepit
1057 717 1155 782 etiam
1170 718 1281 784 statim

328 818 450 884 bellum
466 817 646 883 Scotorum.

372 920 456 986 Α.Ι).
473 923 567 986 1295.
614 921 727 1005 Captio
742 921 889 987 Maddolr
903 923 940 986 in
953 923 1082 987 Wallia.
1117 925 1208 990 Obiit
1223 926 1278 991 do-

326 1023 435 1088 minus
450 1023 616 1102 Ricardns,
633 1023 731 1088 abbas
745 1024 848 1107 Burgi
856 1048 866 1102 3
890 1024 942 1088 cui
958 1025 1108 1089 successit
1130 1025 1280 1091 dominus

326 1127 507 1192 Willelmus
521 1126 562 1191 de
576 1125 763 1191 Wodeford.
808 1128 895 1191 Item
916 1147 971 1192 rex
987 1125 1171 1210 Anglorum
1192 1129 1277 1212 cepit

325 1232 362 1298 in
375 1230 460 1296 ballo
475 1230 658 1294 Iohannem
672 1251 783 1313 regem
799 1228 923 1308 Scotiae,
936 1235 970 1293 et
985 1251 1096 1294 omnes
1111 1238 1278 1314 magnates

327 1335 506 1412 Scotorum,
529 1333 702 1417 jurataque
724 1333 879 1397 fidelitate
902 1332 1020 1396 liberos
1047 1333 1168 1398 dimisit
1178 1359 1189 1413 3
1214 1356 1277 1418 quo

324 1438 410 1504 facto
424 1436 572 1502 transivit
586 1436 622 1499 in
636 1435 832 1501 Flandriam.
866 1435 957 1501 Obiit
972 1435 1127 1502 Nicolaus
1144 1437 1240 1520 [papa
1247 1437 1272 1520 3]

326 1542 379 1608 cui
393 1540 545 1606 successit
560 1539 742 1605 Oelestinus
756 1541 799 1605 V.

368 1642 456 1706 Am.
474 1642 571 1706 1297.
609 1640 727 1706 Piratae
740 1641 1007 1705 Normannorum
1022 1646 1055 1704 et
1070 1641 1278 1706 Picardorum

321 1746 509 1811 invaserunt
522 1743 631 1808 villam
645 1742 838 1822 Dobrarum,
854 1743 910 1807 sed
924 1743 1000 1808 victi
1023 1750 1099 1808 sunt
1114 1750 1147 1808 et
1160 1745 1275 1827 fugati.

365 1850 451 1914 A.D.
469 1849 564 1913 1298.
610 1847 791 1912 celestinus
812 1868 895 1930 papa
916 1867 1025 1911 amore
1039 1847 1113 1911 vitae
1127 1847 1276 1911 solitariae

322 1951 362 2016 de
376 1956 498 2036 papatu
513 1970 547 2014 se
563 1949 684 2014 dimisit
692 1974 702 2028 3
726 1949 779 2013 cui
793 1949 944 2012 successit
959 1948 1145 2012 Bonifatius
1160 1949 1260 2012 VIII.

365 2054 450 2118 A.D.
463 2055 558 2118 1299.
581 2051 672 2116 Obiit
683 2051 1034 2130 dominuaWillelmus‚
1045 2050 1143 2115 abbas
1154 2052 1257 2135 Burgi
1266 2077 1276 2130 3

321 2155 374 2222 cui
396 2155 548 2220 successit
568 2153 717 2218 dominus
739 2153 942 2232 Godefridus,
960 2154 1009 2216 vir
1026 2154 1227 2248 magpificus,
1243 2162 1277 2219 et

322 2258 466 2342 ingentis
481 2257 649 2322 industriae
664 2257 700 2320 in
714 2256 943 2340 temporalibus
957 2256 1145 2320 tractandis.

364 2362 450 2426 A.D.
468 2363 562 2426 1300.
609 2359 775 2438 Jubilaeus,
791 2359 958 2424 Bonifatio
972 2381 1055 2443 papa
1067 2361 1179 2423 Romae
1193 2380 1274 2442 prae·

322 2465 457 2543 sidente,
479 2463 713 2528 celeberrimus.
760 2462 904 2526 Goliardi
925 2462 1094 2528 dicacitate
1112 2462 1275 2526 mirabiles

321 2568 357 2632 in
372 2565 510 2630 Francia
523 2565 706 2649 frequentes
721 2565 865 2629 fuerunt.

362 2669 447 2736 A.D.
465 2671 560 2733 1301.
597 2668 758 2733 Dominus
772 2668 949 2732 Edwardus
963 2689 1021 2732 rex
1035 2667 1164 2750 Angliac
1177 2668 1270 2732 duxit

320 2773 357 2838 in
381 2792 515 2836 uxorem
537 2770 758 2854 Margaretam
778 2793 919 2836 sororem
941 2771 1026 2855 regis
1048 2771 1201 2850 Francia,
1225 2792 1274 2836 re-

321 2895 440 2960 gesque
462 2873 507 2939 sic
528 2874 686 2958 pacificati
709 2880 795 2938 sunt.
841 2874 932 2939 Obiit
951 2874 1100 2938 dominus
1116 2875 1272 2953 Oliverus,

321 2979 487 3063 episcopus
510 2977 765 3056 Lincolniensis3
788 2976 841 3042 cui
865 2977 1016 3042 successit
1041 2977 1194 3060 magister
1217 2978 1273 3042 Jo-

320 3081 445 3146 hanncs
465 3079 505 3144 de
526 3079 700 3163 Dalderby.
745 3080 928 3145 Willelmus
941 3079 1073 3164 Waleys
1093 3080 1206 3145 Scotos
1231 3080 1272 3144 ad

320 3181 543 3248 rebellandum
562 3182 707 3262 acuebat,
723 3182 780 3266 qui
799 3183 863 3248 cito
878 3189 1001 3267 captus,
1016 3189 1140 3248 tractu
1154 3189 1187 3247 61
1205 3203 1273 3247 sus·

322 3307 441 3370 pensus
457 3290 517 3350 est.

363 3390 449 3454 Aa).
481 3390 577 3453 1302.
634 3388 847 3453 Blandrcnscs
872 3387 1066 3469 fugaverunt
1089 3386 1272 3470 Philippum

319 3512 430 3576 regem
444 3491 598 3556 Franciae.
636 3491 728 3556 Obiit
744 3490 929 3557 Bonifacius
944 3511 1035 3573 papa,
1048 3496 1216 3554 accusatus
1231 3489 1271 3553 de

320 3593 433 3658 multis
447 3592 619 3658 sceleribus
633 3614 691 3676 per
706 3593 896 3677 praedictum
913 3613 1023 3675 regem
1038 3593 1182 3656 Ibanciae
1196 3591 1272 3655 Phi-

318 3696 464 3779 lippum3
480 3702 654 3779 captusque
668 3718 726 3780 per
737 3697 941 3780 capitaneum
956 3695 1126 3779 quendam,
1138 3695 1271 3760 nomine

320 3798 341 3863 J
343 3798 504 3862 ohannem
523 3798 563 3862 de
580 3798 735 3881 Longrat,
751 3799 936 3864 ministrum
957 3799 1052 3881 regis,
1069 3798 1271 3863 Oolumninis

320 3899 476 3966 Romanis
490 3899 675 3965 adversariis
690 3902 759 3984 ejus
774 3901 879 3982 datus,
892 3908 924 3966 61
938 3902 1163 3979 incarceratus,
1174 3901 1272 3965 tertia

320 4003 372 4068 die
393 4007 540 4068 mortuus
562 4009 629 4082 est3
652 4003 705 4068 cui
724 4005 875 4069 successit
894 4004 1090 4069 Benedictus
1107 4003 1207 4082 VIII,
1231 4025 1271 4066 ex

320 4105 433 4173 ordine
453 4106 591 4172 fratrum
611 4106 854 4190 praedicatorum
865 4133 875 4187 3
899 4109 964 4193 qui,
986 4115 1025 4173 ut
1051 4107 1173 4191 apicem
1196 4127 1270 4190 apo-

321 4209 456 4276 stolatus
485 4209 616 4296 accepit,
641 4231 750 4295 regem
775 4210 970 4295 Philippum,
997 4211 1182 4276 Iohannem
1211 4209 1271 4274 mi-
