3216 5104
557 669 844 712 ruramuaonnss.
1114 653 1174 715 161

222 783 452 848 reconciliatur
466 784 501 847 in
516 784 646 868 publica
660 786 835 864 audientia,
848 787 1019 870 assumptis
1033 787 1095 851 illis
1109 810 1177 853 ver-

218 887 282 966 bis,
298 887 420 950 Erraoi
435 889 516 951 sicat
531 891 606 966 cois,
622 911 689 971 quae
697 892 806 971 periit,
823 891 878 954 &a

265 991 355 1055 ·Α.1).
375 993 469 1055 1318.
524 991 615 1056 Obiit
650 993 799 1058 Clemens
835 994 874 1058 de
904 993 1060 1074 Hatfield,
1089 997 1176 1080 prior
1248 1049 1252 1060 .

228 1094 433 1177 Spaldingiae.
478 1095 539 1158 Vir
553 1096 614 1159 iste
636 1096 719 1161 bene
739 1120 758 1160 a
778 1098 949 1163 clementia
964 1099 1112 1163 Clemens
1127 1108 1175 1165 est

38 1221 44 1231 ·
112 1219 118 1242 ·
224 1199 340 1277 dictus,
376 1199 598 1282 multipliciter
631 1201 853 1284 morigeratus,
884 1204 939 1286 qui
972 1225 1039 1267 non
1072 1205 1174 1268 solum

225 1302 380 1385 capellam
410 1302 449 1366 de
478 1303 651 1367 Wickham
686 1325 752 1368 non
785 1306 910 1370 modice
944 1315 1174 1391 sumptuosam,

225 1428 337 1503 verum
353 1407 450 1470 etiam
465 1413 572 1471 totum
591 1409 773 1472 manerium
794 1411 859 1474 sive
877 1432 1027 1475 mausum
1045 1412 1175 1490 ibidem,

224 1518 320 1594 prout
335 1510 527 1574 aedificatum
543 1517 601 1590 est,
617 1511 711 1575 terris
730 1532 766 1575 ac
786 1512 925 1595 pasturis
945 1512 1067 1589 ditavit,
1084 1511 1175 1575 arbo·

225 1634 339 1696 resque
353 1613 388 1676 in
403 1634 442 1678 eo
457 1613 609 1679 decenter
627 1614 801 1699 plantavit:
825 1637 862 1678 ac
882 1615 980 1678 etiam
995 1614 1173 1678 manerium

225 1715 265 1780 de
281 1716 489 1795 Thornholm,
500 1737 575 1780 cum
588 1717 761 1782 fossatione
773 1725 805 1781 et
817 1718 992 1782 elevatione
1006 1726 1174 1795 terrarum,

224 1831 294 1884 tam
308 1820 428 1884 ibidem
444 1842 541 1904 quam
556 1821 640 1904 apud
656 1821 838 1899 Wickham,
854 1828 887 1885 et
903 1820 978 1884 alibi
993 1822 1029 1884 in
1044 1821 1174 1884 diversis

225 1924 312 2002 locis,
328 1925 476 2006 firmavit.
504 1924 691 1988 Construxit
706 1925 804 1988 etiam
818 1926 968 1989 horreum
980 1925 1020 1993 de
1032 1924 1174 1988 Golwilv

227 2035 422 2110 sumptuose,
446 2033 478 2090 et
502 2049 619 2092 novam
644 2049 804 2091 cameram
828 2027 941 2111 prioris
963 2028 998 2091 in
1020 2028 1172 2111 prioratu.

223 2131 268 2194 Et
291 2131 366 2194 licet
389 2138 533 2214 tempore
558 2152 615 2195 suo
641 2131 868 2215 adquisitiones
891 2140 1059 2209 terrarum,
1082 2140 1172 2195 tene-

225 2242 419 2312 mentorum,
435 2245 468 2298 et
490 2234 663 2313 redituum,
685 2242 815 2318 propter
836 2242 994 2297 statutum
1015 2235 1108 2317 regni
1130 2235 1171 2297 de

223 2341 317 2406 terris
332 2349 365 2406 et
379 2343 573 2406 tenementis
589 2343 630 2406 ad
645 2365 777 2406 manum
793 2353 953 2408 mortuam
968 2343 1100 2407 minime
1116 2343 1169 2407 de·

226 2444 388 2509 volvendis
404 2446 537 2524 editum,
551 2445 692 2509 difficiles
702 2445 809 2510 forent
824 2453 920 2529 atque
935 2467 1063 2528 graves:
1085 2445 1171 2509 idem

224 2556 335 2613 tamen
351 2549 500 2614 Clemens
515 2549 601 2633 prior
620 2556 721 2614 terras
737 2556 769 2615 et
783 2550 907 2614 reditus
925 2550 1011 2634 apud
1025 2550 1173 2634 Obthorp

226 2652 266 2716 de
293 2653 433 2717 Ranulfo
459 2652 721 2736 Drinkedregges
744 2653 924 2738 adquisivit,
948 2662 980 2716 et
1002 2653 1172 2736 pietantia-

224 2756 306 2820 riam
321 2755 435 2820 domus
456 2777 521 2820 suae
541 2756 676 2820 accrevit
697 2756 737 2820 de
757 2756 886 2835 eisdem,
902 2778 968 2819 una
983 2776 1057 2820 cnm
1072 2756 1172 2820 domi-

223 2861 285 2924 bus
299 2861 335 2924 in
350 2859 425 2923 villa
444 2859 546 2923 sancti
563 2859 693 2936 Botulfi,
710 2880 787 2941 quas
802 2866 946 2941 tempore
963 2879 1020 2922 suo
1035 2858 1075 2942 de
1089 2881 1172 2922 novo

225 2963 415 3028 construxit.
460 2962 629 3026 Ordinavit
652 2961 748 3026 ctiam
771 2968 873 3025 certas
896 2961 1093 3026 minutiones
1115 2984 1172 3045 per

224 3074 418 3134 conventum
439 3067 545 3150 ipsum
568 3065 736 3128 dividendo
757 3065 793 3128 in
816 3075 953 3148 quatuor
975 3073 1081 3147 partes
1102 3087 1171 3129 suc-

224 3172 368 3250 cessivas,
381 3178 505 3234 certum
517 3169 666 3233 solatium
681 3168 785 3232 tribus
799 3169 834 3230 in
848 3167 1049 3231 bebdomada
1060 3167 1171 3232 diebus

225 3276 345 3340 eisdem
367 3274 529 3338 cumaliter
551 3272 753 3355 assignando.
799 3271 967 3336 Ordinam't
989 3271 1121 3355 insuper
1138 3279 1171 3336 et

224 3379 288 3443 alia
310 3400 367 3462 per
390 3384 584 3441 conventum
608 3375 701 3439 utilia
722 3367 943 3459 multipliciter
966 3383 999 3438 et
1024 3376 1169 3454 honesta,

224 3481 307 3547 sicut
326 3481 509 3545 trenoboria
527 3480 563 3543 in
579 3478 756 3558 refectorio,
773 3486 806 3543 et
826 3479 902 3543 alibi
922 3500 979 3562 pro
999 3487 1170 3558 conventu,

225 3594 258 3651 et
274 3587 336 3650 alia
350 3583 605 3650 commendanda
623 3590 692 3650 tam
711 3583 747 3646 in
768 3604 879 3648 mensa
893 3604 951 3666 pro
965 3584 1169 3662 comestione,

225 3712 320 3774 quam
337 3695 408 3773 post
422 3688 638 3752 refectionem.

268 3793 352 3857 AJ).
371 3794 465 3857 1319.
502 3793 544 3857 In
559 3792 771 3876 parliamento
782 3800 874 3859 tento
888 3789 1075 3869 Londoniae,
1090 3813 1169 3874 prae-

225 3896 370 3960 sentibus
385 3917 470 3980 rege,
486 3895 602 3959 comite
617 3894 821 3972 Lancastriae,
834 3914 870 3958 ac
885 3894 1001 3958 comite
1018 3891 1170 3958 Herefor-

226 3997 296 4077 diae,
313 4007 345 4062 et
369 3999 505 4082 Rogeris
530 3998 569 4062 de
593 3998 726 4061 Mortuo
749 3997 840 4060 Mari
862 4003 952 4080 patre
977 4003 1010 4060 et
1033 3996 1108 4074 filio,
1133 4017 1170 4060 ac

87 4064 102 4170 ι,
223 4102 334 4166 multis
349 4103 418 4167 aliis
432 4101 594 4166 nobilibus
611 4102 688 4165 illuc
701 4123 802 4165 manu
817 4107 940 4164 armata
953 4100 1167 4178 venientibus,

224 4207 288 4271 duo
299 4206 507 4290 Dispensarii,
520 4205 621 4288 Hugo
635 4211 727 4288 pater
742 4213 775 4268 et
791 4205 890 4288 Hugo
905 4204 989 4267 filius
1005 4205 1083 4286 ejus,
1095 4211 1169 4266 tan-

225 4333 321 4394 quam
338 4311 422 4393 regis
442 4309 629 4394 proditores,
645 4309 731 4392 pacis
753 4315 787 4372 et
808 4308 900 4390 regni
922 4306 1169 4391 perturbatores,
