3212 5102
381 618 424 681 82
686 634 883 678 cnaorucou
902 636 1035 679 isonia

380 756 503 822 stolico.
549 755 615 819 Hic
630 754 728 819 etiam
743 753 921 818 oblationes
941 753 1096 830 fidelium,
1113 758 1209 816 antea
1223 759 1336 836 poten-

378 861 463 932 tium
486 856 583 922 libitu
606 858 757 940 direptas,
781 857 822 921 ad
846 878 943 920 usum
967 855 1218 919 ecclesiasticum
1247 877 1337 920 revo-

380 964 483 1041 cavit,
506 969 539 1026 et
556 963 674 1046 Anglis
697 983 733 1026 ac
757 961 872 1038 Scotis,
887 982 945 1045 pro
965 961 1090 1023 viarum
1111 960 1264 1042 periculo,
1277 981 1337 1044 pro

380 1089 448 1130 una
470 1065 729 1150 peregrinatione
753 1065 901 1128 Romana
928 1063 978 1127 bis
1005 1070 1153 1126 sanctum
1179 1063 1337 1126 Davidem

380 1177 491 1254 petere
515 1167 682 1232 concessit.
730 1167 890 1231 Successit
915 1166 1091 1245 Honorius,
1116 1165 1156 1230 ab
1186 1167 1337 1231 omnibus

382 1274 449 1336 fere
468 1270 682 1336 cardinalibus
703 1270 861 1352 repulsus,
886 1269 1030 1352 eoquod
1054 1269 1161 1333 minus
1183 1270 1337 1334 canonice

381 1397 439 1459 per
454 1375 695 1439 contentionem
709 1373 807 1436 fuerit
821 1372 1052 1451 immantatus,
1075 1372 1131 1435 sed
1147 1371 1337 1436 duodecimo

382 1479 435 1543 die
455 1500 564 1543 coram
585 1477 753 1556 universis,
775 1498 875 1559 quum
898 1476 1039 1559 insignia
1060 1476 1187 1560 papalia
1211 1498 1339 1540 summa

378 1583 567 1646 humilitate
590 1581 801 1665 deposuisset,
821 1579 999 1643 cardinales
1021 1600 1095 1642 vero
1116 1579 1265 1642 unanimi
1286 1600 1337 1642 as-

382 1707 479 1749 sensu
495 1684 581 1769 quod
596 1684 706 1748 deerat
718 1682 814 1747 officii
828 1681 1031 1760 addiderunt,
1042 1702 1117 1746 eum
1131 1681 1166 1744 in
1180 1687 1337 1765 papatum

385 1794 621 1871 promoventes.

427 1893 511 1958 Am.
524 1894 618 1956 1125.
643 1891 664 1954 J
665 1889 776 1954 ustitia
788 1889 827 1953 de
843 1887 1028 1952 monetariis
1043 1888 1081 1951 fit
1095 1909 1153 1971 per
1163 1887 1337 1971 Angliam;

385 1995 578 2078 quibusdam
608 1993 779 2076 suspensis,
811 1991 1004 2075 quibusdam
1034 1991 1153 2055 dextris
1187 1991 1337 2055 manibus

388 2097 573 2180 amputatis,
590 2102 623 2160 et
638 2096 707 2158 aliis
726 2094 883 2158 testiculis
898 2095 1065 2158 mutilatis.
1110 2095 1255 2161 Mutatio
1270 2119 1338 2161 mo-

387 2207 472 2263 netae
489 2199 642 2282 sequitur.
671 2196 808 2261 Caristia
822 2218 941 2281 magna
952 2197 1148 2276 victualium,
1159 2200 1339 2264 mortalitas

386 2302 566 2366 hominum.
612 2300 703 2365 Obiit
719 2298 881 2364 Hemicus
895 2300 1086 2384 imperator:
1110 2303 1260 2367 successit
1274 2304 1338 2368 Lo-

385 2406 510 2471 tharius
534 2406 755 2469 Romanorum
777 2404 1007 2487 nonagesimus
1033 2411 1173 2468 octavus.
1219 2406 1338 2471 Conse-

383 2517 517 2574 crantur
539 2509 688 2593 episcopi,
706 2507 883 2594 Sigefridus
904 2507 1124 2586 Cicestrensis,
1141 2509 1254 2576 Simon
1268 2511 1338 2574 Wi-

385 2611 574 2696 gorniensis,
596 2611 763 2675 {lohannes
785 2611 956 2689 Roffensis,
976 2633 995 2674 a
1013 2611 1176 2676 Willelmo
1197 2613 1338 2678 Cantus-

385 2716 483 2780 riensi
504 2714 749 2798 archiepiscopo.
817 2714 987 2778 Celebrate
1008 2723 1056 2780 est
1079 2716 1219 2798 synodus
1242 2738 1339 2800 gene-

385 2820 461 2882 ralis
484 2841 504 2882 a
526 2818 676 2883 Johanne
699 2818 738 2882 de
761 2818 887 2898 Creme,
911 2819 1093 2902 apostolicae
1115 2820 1199 2884 sedis
1220 2821 1338 2904 legato,

387 2923 472 3006 apud
486 2921 814 2985 Westmonasterium
829 2947 838 2998 3
860 2922 897 2985 in
911 2942 976 3004 quo
990 2923 1125 2986 concilio
1144 2929 1246 3006 quum
1262 2925 1339 3007 rigi-

386 3026 516 3092 dissime
536 3031 649 3089 contra
666 3025 927 3109 presbyterorum
946 3025 1216 3091 incontinentiam
1236 3033 1271 3091 et
1290 3050 1339 3092 aa·

386 3130 574 3195 cerdatissas
598 3130 782 3213 procedens,
804 3137 836 3194 et
857 3129 948 3214 quasi
967 3150 1135 3194 censuram
1154 3131 1340 3215 importabi-

385 3238 451 3303 lem
473 3237 542 3301 aliis
561 3236 775 3320 imposuisset,
795 3236 864 3318 ipse
883 3235 1029 3320 proxima
1047 3242 1143 3300 nocte
1161 3237 1338 3320 deprehen-

386 3364 441 3407 sus
462 3348 510 3406 est
537 3363 612 3406 cum
636 3340 765 3426 publica
786 3340 955 3404 meretrice
976 3339 1012 3401 in
1034 3340 1208 3420 lactosae,
1231 3341 1341 3405 nudus

388 3467 463 3512 cum
484 3445 590 3510 nuda:
616 3445 705 3508 unde
728 3464 855 3507 summo
880 3464 977 3506 mane
998 3443 1174 3508 insalutato
1196 3443 1339 3520 concilio,

384 3548 570 3632 tmpissime
585 3547 737 3612 confusus
752 3567 841 3609 mare
855 3545 960 3629 petiit,
979 3553 1012 3610 et
1030 3545 1159 3609 transiit
1173 3568 1241 3610 non
1254 3546 1340 3610 redi·

385 3658 488 3716 turus.
519 3649 618 3714 Unde
634 3648 887 3731 archiepiscopus
898 3647 1082 3711 Willelmus
1097 3649 1235 3713 Romam
1250 3649 1339 3729 adiit,

385 3761 418 3819 et
438 3753 634 3836 legationem
654 3772 712 3834 per
728 3750 883 3833 Angliam
905 3757 938 3814 et
960 3750 1102 3814 Scotiam
1120 3751 1188 3836 ipse
1208 3753 1340 3818 sortitus

385 3863 444 3920 est.
490 3854 640 3918 Fundata
658 3859 706 3917 est
725 3851 854 3915 abbatia
878 3899 1150 3919 .........
1173 3856 1340 3920 lohannes

385 3959 424 4023 de
441 3958 522 4036 Sais,
539 3956 638 4022 abbas
656 3955 769 4039 Burgi,
786 3954 876 4019 obiit.
922 3955 996 4038 Ipse
1017 3955 1106 4021 dedit
1127 3957 1341 4042 quadraginta

385 4083 509 4126 marcas
524 4081 583 4145 pro
597 4059 723 4125 Pitilee.

427 4166 634 4232 A.u.1126.
680 4161 843 4227 Robertus
865 4162 996 4243 Pethee,
1024 4162 1190 4248 episcopus
1217 4163 1340 4228 Caven-

383 4270 510 4350 trensis,
527 4269 617 4335 obiit.
664 4266 729 4332 Hic
749 4267 908 4332 thesauris
929 4274 961 4331 et
980 4266 1178 4331 ornamentis
1200 4267 1342 4333 ecclesiae
