3212 5102
326 609 390 672 126
622 627 819 671 ennourcou
836 627 972 670 asamar

324 745 448 808 hannes
468 743 508 808 de
528 743 698 823 Brethnes,
717 765 772 808 rex
794 744 981 819 Jerusalem,
997 743 1085 808 venit
1104 743 1139 806 in
1159 744 1274 828 Angli-

325 869 387 926 am,
408 847 514 910 Terrae
538 847 665 911 Sanctae
688 847 830 911 subsidia
851 868 1044 931 procurans,
1067 847 1275 930 promissum-

325 973 387 1033 que
401 957 451 1014 est
465 958 498 1014 et
513 971 699 1014 concessum
714 950 878 1015 communi
893 950 1024 1014 oonsilio
1039 951 1132 1033 regni
1147 951 1188 1014 ad
1200 951 1275 1014 Ter-

323 1075 368 1118 rae
385 1053 513 1118 Sanctae
527 1052 716 1133 subsidium,
733 1054 817 1138 quod
836 1076 855 1118 a
874 1054 1008 1136 singulis
1023 1054 1195 1118 comitibus
1209 1062 1275 1118 tres

324 1177 440 1220 marcae
460 1157 624 1235 darentur,
646 1179 665 1221 a
685 1157 820 1240 singulis
840 1157 1014 1222 baronibus
1034 1179 1101 1220 una
1120 1179 1238 1237 marca,
1257 1181 1277 1222 a

324 1259 459 1342 singulis
474 1261 630 1324 militibus
645 1259 814 1325 duodecim
830 1259 962 1338 denarii,
979 1282 998 1323 a
1013 1261 1148 1341 singulis
1164 1261 1276 1325 domos

324 1363 518 1428 habentibus
543 1384 628 1428 unus
655 1363 814 1428 denarius.
861 1363 1022 1427 Henricus
1051 1384 1107 1427 rex
1137 1363 1275 1446 Angliae‚

325 1487 425 1550 quum
460 1467 501 1530 ad
536 1489 637 1531 annos
672 1465 870 1530 discretionis
904 1467 1110 1549 pervenisset,
1143 1467 1276 1530 consilio

324 1570 426 1634 fretus
457 1570 626 1649 subtiliori,
655 1571 785 1634 castella
812 1570 925 1647 multa,
955 1568 995 1632 ab
1025 1569 1213 1653 alienigenis
1242 1578 1274 1632 et

324 1672 485 1757 indigenis
515 1673 656 1753 detenta,
687 1672 729 1738 ad
762 1695 857 1736 suum
889 1672 1068 1736 dominium
1097 1673 1274 1737 revocavit:

325 1777 423 1840 Unde
450 1777 633 1842 Falchasius
663 1777 703 1842 de
733 1778 896 1841 Breutena
919 1777 1140 1853 Normannus,
1168 1797 1274 1861 quem,

324 1903 382 1964 pro
408 1882 599 1946 strenuitate
625 1902 683 1945 sua
707 1881 743 1944 in
772 1902 830 1944 suo
860 1880 997 1959 servitio,
1024 1881 1190 1944 lohannes
1219 1903 1276 1944 rex

324 1985 453 2068 Angliae
482 2007 501 2048 a
530 1985 666 2050 satellite
694 2005 833 2068 paupere
863 1983 961 2048 etiam
990 1984 1161 2047 comitibus
1191 1984 1275 2067 pari-

325 2088 483 2166 ficaverat,
509 2087 659 2153 donando
684 2087 715 2152 ei
739 2087 773 2150 in
800 2087 987 2171 conjugium
1014 2086 1208 2151 comitissam
1236 2086 1275 2150 de

325 2189 428 2270 With,
459 2213 559 2274 quum
588 2191 718 2255 vidisset
755 2211 789 2255 se
826 2211 921 2272 super
950 2189 1060 2254 cedros
1088 2190 1275 2268 exaltatum,

326 2293 423 2356 etiam
444 2294 480 2356 in
502 2294 636 2372 Libano,
660 2293 897 2377 dedignabatur
915 2292 1034 2356 habere
1055 2314 1184 2375 parem:
1208 2302 1275 2357 tam

326 2395 481 2478 superbus
507 2396 549 2459 ad
572 2403 749 2479 magnates,
773 2404 842 2459 tam
866 2395 1040 2480 injuriosus
1067 2395 1108 2459 ad
1133 2395 1216 2460 cives
1242 2402 1275 2459 et

325 2520 488 2583 pauperes,
505 2500 590 2584 quod
605 2507 673 2564 tam
692 2501 828 2584 majores
849 2521 945 2582 quam
965 2499 1105 2562 minores
1125 2499 1211 2562 mala
1229 2498 1278 2560 illi

324 2601 552 2684 imprecantur,
578 2602 805 2666 maledicentes
817 2629 826 2679 ;
853 2610 890 2666 ut
915 2602 1089 2681 dicebatur,
1116 2603 1276 2686 suggessit

325 2704 488 2769 Ludovico
501 2705 570 2788 regi
585 2705 738 2785 Francia,
753 2713 791 2769 ut
806 2706 980 2770 Pictaviam
999 2705 1163 2770 invaderet
1171 2732 1181 2785 3
1204 2727 1276 2788 pro-

324 2807 475 2890 misitque
490 2813 527 2871 ut
541 2828 651 2890 regem
668 2807 715 2871 ita
731 2807 766 2870 in
784 2808 892 2872 medio
906 2815 1000 2872 terrae
1015 2829 1081 2872 suae
1095 2815 1275 2891 occuparet,

324 2917 362 2973 ut
382 2910 423 2973 ad
443 2910 506 2974 alia
522 2911 653 2994 negotia
666 2911 837 2975 tractanda
851 2917 941 2974 extra
955 2931 1092 2992 regnum
1107 2932 1174 2974 non
1189 2911 1275 2973 suffi-

325 3020 419 3077 ceret.
465 3013 602 3077 Interim
624 3013 807 3077 Willelmus
834 3013 874 3076 de
900 3014 1030 3091 Breute,
1054 3013 1153 3077 frater
1176 3013 1275 3096 ipsius

326 3117 492 3194 Falchasii,
513 3117 568 3200 qui
588 3123 695 3181 custos
715 3124 783 3180 erat
807 3137 845 3180 ex
865 3122 956 3200 parte
976 3115 1134 3180 Falchasii
1154 3117 1275 3181 castelli

325 3219 376 3283 sui
400 3220 440 3284 de
464 3219 614 3297 Bedford,
638 3219 722 3302 quod
746 3219 995 3302 inexpugnabile
1019 3219 1218 3299 credebatur,
1242 3227 1275 3284 et

325 3322 365 3386 de
382 3324 455 3407 jure
475 3322 639 3407 spectabat
658 3323 699 3386 ad
713 3323 913 3386 Willelmum
935 3321 975 3386 de
995 3323 1210 3406 Bellocampo,
1226 3343 1275 3386 asa

325 3427 462 3510 sumptis
478 3448 586 3491 secum
609 3425 810 3504 satellitibus,
823 3424 1036 3510 justiciarium
1052 3424 1175 3489 domini
1189 3427 1274 3508 regis

324 3529 541 3608 itinerantem,
573 3527 752 3593 Henricum
786 3529 826 3592 de
860 3529 1038 3612 Braybrok‚
1068 3535 1209 3611 captum,
1239 3530 1274 3592 in

325 3634 411 3699 dicto
427 3640 530 3697 castro
544 3634 580 3695 in
595 3633 729 3696 vinculis
745 3639 930 3697 conservat:
952 3631 1040 3695 unde
1059 3633 1144 3714 regis
1163 3634 1221 3710 ira,
1242 3639 1275 3697 et

324 3737 424 3800 totius
450 3736 542 3818 regni
566 3734 755 3818 indignatio,
779 3734 986 3799 vehementer
1009 3735 1045 3798 in
1070 3734 1274 3799 Falchasium

325 3846 520 3905 exarserunt.

367 3942 452 4006 al).
478 3942 573 4004 1224.
620 3941 700 4018 Rex,
725 3939 961 4002 communicato
987 3961 1060 4003 cum
1089 3942 1275 4023 proceribus

324 4046 417 4129 regni
437 4043 569 4108 consilio
593 4043 679 4128 apud
702 4043 956 4125 Northampton,
978 4041 1018 4106 ad
1043 4043 1210 4106 castellum
1234 4045 1274 4107 de

325 4149 466 4214 Bedford
486 4147 747 4231 expugnandum,
769 4146 951 4209 cumomni
973 4145 1086 4210 bellico
1108 4155 1274 4230 apparatu,

324 4254 485 4336 profectus
515 4259 573 4316 est.
628 4250 806 4316 Confestim
837 4249 948 4313 castris
978 4249 1013 4312 in
1044 4249 1113 4331 giro
1139 4250 1274 4315 circum-
