3212 5102
366 627 429 690 166
678 645 874 691 ennomcon
891 647 1025 691 Ananis

362 762 475 846 regina
488 769 617 828 tantum
640 784 714 827 cnm
735 763 780 826 eis
800 762 885 826 infra
904 763 1082 841 castellum,
1098 763 1220 828 familia
1240 785 1316 828 vero

364 866 449 949 regis
464 873 555 930 extra
574 872 771 944 remanente,
786 864 940 950 hospitati
960 873 1054 930 sunt:
1079 887 1242 950 quumque
1264 889 1316 931 su·
1335 927 1337 933 ,

363 989 475 1053 prema
495 991 558 1033 nox
577 969 661 1052 regis
683 975 886 1047 tractaretur,
902 969 1058 1054 perviam
1073 970 1317 1034 subterraneam

364 1072 487 1154 regales
515 1070 661 1154 ingressi,
689 1093 848 1136 eameram
875 1072 1012 1136 dominae
1036 1071 1182 1137 Isabellae
1204 1074 1317 1137 matris

364 1175 448 1258 regis
470 1175 621 1259 aggressi,
645 1176 778 1259 capiunt
788 1201 798 1253 3
822 1175 879 1240 ubi
901 1176 1050 1239 dominns
1073 1176 1254 1240 Willelmns
1277 1177 1317 1240 de

365 1277 611 1359 Trumpington,
635 1276 828 1340 camerarius
851 1275 989 1346 dominre
1012 1275 1168 1355 Isabellae‚
1191 1276 1318 1360 inipso

364 1381 513 1464 ingressu
535 1379 656 1444 occisus
679 1387 738 1442 est.
783 1379 943 1443 Dominus
959 1380 1106 1462 Rogerus
1129 1380 1169 1444 de
1185 1381 1318 1445 Mortuo

366 1483 454 1546 Mari
477 1489 598 1567 captus,
620 1491 653 1547 et
675 1482 879 1546 Londoniam
901 1482 1028 1560 duetus,
1047 1490 1170 1547 tractus
1196 1490 1227 1547 et
1249 1505 1318 1548 sns-

366 1608 485 1670 pensns
507 1594 574 1652 est:
597 1594 833 1670 tempestasque
852 1586 1052 1670 proditorum
1072 1608 1194 1650 cessare
1210 1586 1253 1651 sie
1268 1587 1317 1652 in·

367 1691 463 1774 cepit.

407 1796 491 1859 A.D.
509 1797 605 1859 1332.
631 1794 722 1858 Obiit
736 1794 899 1858 Walterus
916 1793 955 1857 de
972 1794 1105 1872 Halton,
1120 1794 1207 1877 prior
1224 1793 1316 1878 Spal-

365 1897 503 1982 dingiae;
542 1899 597 1982 qui
626 1898 702 1962 licet
732 1919 798 1962 suae
827 1897 997 1962 creationis
1033 1904 1177 1981 tempore
1214 1897 1318 1962 aetatis

363 2002 476 2066 fuisset
507 2002 625 2080 senilis,
654 2023 748 2066 suum
777 2009 889 2066 tamen
917 2001 1096 2085 prioratum
1119 2023 1216 2067 onere
1245 2001 1317 2066 aeris

365 2107 461 2169 alieni
483 2106 677 2189 gravissimo,
693 2106 727 2168 in
743 2105 889 2170 videlicet
910 2106 999 2170 mille
1021 2112 1054 2170 et
1074 2113 1204 2170 eentum
1227 2105 1317 2170 libris

367 2210 604 2292 Stcrlingorum
641 2219 674 2272 et
703 2209 840 2292 amplius
877 2229 1073 2292 oppressum,
1107 2209 1317 2274 creditoribus

362 2313 520 2377 universis
549 2313 584 2377 in
613 2313 702 2377 brevi
729 2312 903 2376 successive
933 2312 1166 2391 satisfaciendo,
1190 2313 1318 2397 propria

365 2439 425 2479 sua
447 2417 607 2481 industria
628 2416 792 2494 liberavit3
816 2416 923 2480 aulam
941 2417 1038 2480 etiam
1058 2417 1268 2496 minutorum,
1284 2425 1318 2481 et

365 2520 574 2604 appentitiam
594 2520 655 2584 sibi
675 2542 834 2584 annexam
852 2541 910 2603 pro
930 2520 1043 2584 solatio
1058 2529 1244 2600 conventus,
1267 2542 1316 2585 re-

364 2625 524 2688 creatione
559 2631 592 2688 et
629 2625 736 2707 quiete
766 2625 911 2708 ejusdem
946 2633 1101 2709 perpetuo
1130 2625 1315 2702 obtinenda,

366 2727 549 2810 sumptibus
572 2727 649 2792 fecit
674 2727 840 2792 immensis
865 2729 998 2792 mirifice
1028 2729 1186 2794 aedilieari.
1231 2731 1317 2795 Item

363 2854 422 2917 pro
437 2832 613 2896 cameraria
635 2831 806 2916 cujuslibet
830 2833 980 2897 monachi
999 2833 1177 2912 annuatim,
1194 2834 1235 2898 ad
1255 2835 1316 2900 fes·

364 2944 436 3000 tum
460 2936 699 3014 Bartholomaei,
722 2935 946 3019 persolvendas
972 2936 1052 3000 duas
1078 2959 1201 3001 mareas
1228 2938 1315 3002 Ster-

364 3040 527 3123 lingorum
551 3039 719 3104 ordinavit.
765 3040 852 3103 Item
874 3047 993 3104 terram
1017 3040 1054 3103 in
1075 3041 1239 3120 Westone,
1263 3063 1334 3121 vos

364 3152 470 3208 catam
490 3143 716 3227 Bisschoptoft,
734 3145 775 3210 ad
795 3144 933 3208 officium
951 3143 1163 3227 pietantiariae
1184 3145 1261 3208 em't
1284 3152 1316 3209 et

364 3247 547 3330 assignavit.
593 3247 679 3311 Item
709 3247 795 3330 quod
824 3247 939 3310 fratres
968 3267 1026 3330 pro
1054 3248 1250 3313 recreatione
1276 3249 1317 3314 ad

365 3352 472 3415 aulam
488 3353 685 3415 minutorum
706 3372 763 3416 seu
780 3351 963 3415 infirmariae
982 3350 1131 3431 ordinati,
1147 3352 1188 3416 ad
1210 3354 1316 3417 aulam

365 3477 432 3518 non
447 3463 601 3518 vocentur
617 3504 625 3520 .
642 3501 649 3518 .
669 3455 784 3539 [mp]ti
798 3477 855 3538 per
869 3456 1017 3539 priorem.
1041 3455 1127 3518 Item
1142 3457 1228 3540 quod
1242 3480 1315 3541 sup·

365 3559 461 3642 prior,
488 3559 543 3643 qui
568 3581 626 3643 pro
652 3567 795 3642 tempore
824 3558 917 3633 foret,
943 3559 1142 3623 omnimodas
1171 3561 1316 3625 licentias

365 3663 571 3726 recreationis
594 3670 627 3726 et
650 3662 764 3741 solatii,
781 3663 894 3726 saltem
909 3664 994 3726 infra
1014 3670 1105 3747 septa
1119 3665 1314 3744 monasterii,

365 3766 516 3830 fratribus
541 3766 606 3829 suis
631 3765 750 3848 absque
766 3767 962 3831 coartatione
985 3767 1099 3850 prioris
1122 3766 1220 3831 libere
1241 3790 1316 3833 con-

365 3869 477 3934 cedere
492 3877 598 3953 posset
613 3870 649 3932 in
662 3869 819 3933 futurum.
864 3870 951 3934 Item
965 3879 1075 3950 terras,
1091 3872 1224 3951 reditus,
1244 3894 1316 3956 pro-

365 3981 490 4051 ventus,
510 3979 542 4037 et
567 3979 753 4036 tenementa
774 3973 886 4052 multa,
907 3974 947 4037 ad
965 3997 1061 4039 usum
1084 3984 1260 4040 conventus
1283 3984 1316 4041 et

365 4078 575 4162 pietantiariae
595 4077 748 4162 ejusdem,
764 4077 889 4142 invilla
911 4079 950 4143 de
971 4079 1158 4164 Pynchbek,
1174 4088 1207 4145 et
1224 4081 1315 4165 Spal-

365 4181 484 4266 dingia,
507 4188 540 4246 et
562 4181 639 4245 alibi
659 4181 695 4244 in
718 4181 848 4244 diversis
870 4181 956 4260 locis,
980 4183 1176 4267 perquisivit,
1199 4192 1232 4249 et
1255 4184 1315 4249 sub

366 4285 461 4350 certis
482 4287 634 4364 censuris,
650 4285 769 4369 absque
789 4285 1002 4350 diminutione
1025 4287 1163 4371 aliquali,
1186 4288 1221 4352 in
1243 4309 1314 4372 peru
