3218 5098
403 621 446 684 68
701 643 900 688 cnsourcos
920 645 1052 688 anonim

404 774 497 840 gena.
557 755 714 820 Monachi
742 758 909 840 elegerunt
940 759 1126 839 Godricum,
1157 760 1214 824 sed
1242 758 1356 826 eodem

404 880 491 923 anno
505 879 562 942 per
577 859 768 922 Anselmum
788 859 828 924 de
849 861 994 944 partibus
1014 863 1237 927 transmarinis
1251 884 1355 927 rever·

405 984 477 1026 sum
508 962 670 1045 depositus
700 970 758 1041 est,
786 984 859 1027 cum
889 965 1035 1048 pluribus
1065 965 1144 1045 aliis,
1171 967 1355 1049 vacavitque

405 1066 538 1130 ecclesia
553 1065 694 1149 quinque
709 1066 813 1129 annis.

450 1169 534 1233 A.D.
561 1170 656 1232 1099.
703 1167 857 1232 Urbanus
883 1191 975 1252 papa,
1002 1171 1114 1234 Romae
1140 1170 1282 1252 generali
1304 1192 1354 1255 sy·

407 1271 492 1334 nodo
521 1270 691 1346 celebrata,
720 1270 755 1333 in
785 1270 986 1335 hebdomada
1020 1271 1161 1349 Paschae,
1191 1273 1355 1338 communi

406 1379 551 1442 omnium
567 1398 736 1454 consensu,
748 1376 844 1439 laicos
859 1375 1065 1439 investituras
1080 1376 1286 1440 ecclesiarum
1298 1384 1354 1440 aut

406 1481 647 1564 episcopatuum
671 1479 795 1554 dantes,
810 1477 940 1540 clericos
961 1477 1002 1541 ab
1021 1477 1084 1540 illis
1103 1477 1303 1561 recipientes,
1321 1484 1354 1541 et

406 1603 517 1647 omnes
532 1581 738 1645 ecclesiarum
753 1579 925 1663 dignitates
938 1579 1113 1644 vendentes
1129 1587 1185 1643 aut
1201 1587 1354 1657 ementes,

405 1685 697 1750 anathematizavit.
743 1683 924 1748 Jerusalem
939 1683 1065 1767 capitur
1083 1703 1141 1765 per
1155 1682 1355 1747 Christianos

405 1797 495 1853 sexto
509 1787 581 1852 idus
596 1789 618 1851 J
619 1787 687 1866 ulii,
702 1787 782 1851 feria
796 1793 895 1864 sexta,
905 1787 984 1851 hora
999 1786 1090 1870 quasi
1104 1807 1198 1849 nona
1234 1786 1355 1850 Decem

405 1893 506 1956 millia
529 1891 706 1955 'Purcorum
731 1890 766 1953 in
795 1889 916 1973 templo
948 1888 1127 1954 Salomonis
1153 1910 1234 1953 caesa
1260 1895 1354 1966 sunt;

405 2015 482 2078 ergo
500 1993 627 2057 infinita
647 1992 822 2057 multitudo
844 1993 879 2056 in
902 1992 971 2056 aliis
993 1993 1079 2057 locis.
1125 1992 1214 2055 Ordo
1236 1993 1354 2057 Cister-

405 2096 520 2160 ciensis
544 2096 641 2178 coepit
662 2095 832 2178 Hardingo
850 2096 992 2178 primum
1012 2095 1169 2159 monacho
1191 2095 1354 2159 Scirebur-

405 2199 507 2276 nensi,
529 2198 646 2263 deinde
665 2205 737 2281 post
763 2198 944 2262 scholarum
966 2197 1257 2280 frequentationem
1281 2197 1353 2262 Mo-

404 2301 547 2365 lismensi
561 2301 597 2364 in
611 2301 803 2384 Burgrmdia
817 2301 984 2378 monacho,
1001 2300 1056 2382 qui
1075 2311 1155 2364 tunc
1171 2301 1354 2383 Stephanus

406 2403 510 2468 dictus
526 2413 584 2483 est,
596 2404 768 2487 assumptis
783 2405 867 2486 paris
881 2403 1035 2486 propositi
1050 2403 1141 2467 sociis
1153 2425 1226 2467 cum
1239 2403 1354 2468 abbate

406 2530 464 2573 suo
487 2516 597 2572 sancto
614 2507 756 2572 Roberto
771 2507 962 2572 Cistercium
985 2507 1124 2571 adeunte
1140 2515 1173 2572 et
1187 2507 1353 2572 firndante.

407 2611 568 2676 Robertus
586 2617 636 2675 tot
655 2611 874 2694 penuriarum,
890 2632 927 2674 ac
946 2610 1000 2674 alii
1020 2595 1125 2689 multi,
1139 2610 1353 2695 impatientes,

407 2715 449 2778 ad
473 2715 662 2778 Molismum
688 2713 753 2778 cito
778 2715 896 2778 reversi
919 2720 1014 2792 sunt;
1038 2720 1110 2778 octo
1135 2721 1264 2778 tantum
1287 2736 1354 2778 mo-

406 2815 502 2880 nachi
530 2817 641 2900 primae
671 2816 847 2881 devotionis
876 2823 1006 2880 tenaces
1035 2824 1270 2896 remanserunt,
1300 2819 1356 2901 qui

406 2919 468 2984 sibi
497 2921 652 3003 eligentes
684 2921 863 3005 praelatum,
894 2921 1082 2986 Albericum
1113 2923 1275 3005 quendam
1307 2944 1354 2987 se-

405 3045 480 3088 nem
502 3023 684 3107 praeficiunt
691 3051 701 3104 ;
724 3026 794 3109 ipso
812 3027 909 3090 etiam
932 3034 1004 3107 post
1021 3027 1188 3094 modicum
1210 3027 1295 3091 facto
1315 3027 1355 3091 de

405 3128 521 3206 medio,
548 3127 749 3211 Stephanum
779 3129 917 3212 priorem
942 3129 977 3192 in
1006 3130 1156 3194 abbatem
1185 3131 1354 3195 extollunt.

405 3231 480 3314 Ipse
495 3230 663 3295 constituit
682 3232 827 3296 chartam
845 3233 997 3311 caritatis,
1014 3255 1085 3315 quae
1099 3254 1195 3297 causa
1214 3240 1263 3298 est
1282 3234 1355 3298 uni·

405 3333 482 3397 tatis
509 3333 597 3398 illius
621 3334 750 3398 ordinis.
797 3335 981 3418 Quumque,
1008 3335 1159 3399 omnibus
1181 3336 1217 3398 in
1240 3335 1356 3399 vicinia

404 3441 532 3499 tantam
561 3437 781 3501 austeritatem
807 3437 927 3501 ordinis
957 3436 1213 3516 abhorrentibus,
1244 3438 1354 3522 despe-

404 3546 530 3602 raretur
550 3538 591 3603 de
613 3534 855 3619 successoribus,
871 3539 977 3604 subito
995 3540 1216 3623 probatorium
1237 3541 1355 3606 Cister-

405 3642 511 3705 oiense
526 3650 657 3706 sanctus
669 3643 864 3722 Bernardus,
877 3651 988 3727 postea
999 3643 1121 3727 primus
1136 3644 1235 3708 abbas
1247 3645 1354 3709 Clare-

405 3742 563 3823 vallensis,
588 3765 662 3808 oum
686 3746 823 3829 triginta
846 3747 938 3812 sociis
961 3747 1125 3830 ingressus
1149 3757 1216 3813 est:
1240 3770 1279 3813 ex
1300 3750 1356 3814 iila

405 3846 458 3911 die
482 3847 581 3910 crevit
610 3848 687 3912 ordo
716 3850 779 3914 ille.
826 3850 1018 3915 Godehidus
1048 3851 1259 3932 Boloniensis,
1290 3853 1356 3917 dux
1473 3933 1477 3940 ἡ
1590 3901 1592 3908 1

405 3949 633 4034 lotharingiae,
659 3952 763 4016 faetus
792 3962 841 4017 est
870 3975 925 4019 rex
955 3956 1145 4020 Jerusalem.
1201 3955 1355 4020 Urbanus

404 4071 487 4137 papa
501 4053 601 4131 obiit3
623 4055 676 4118 cui
691 4057 842 4120 successit
857 4059 1029 4122 Paschalis.
1065 4058 1160 4123 Mare
1173 4060 1250 4122 litus
1265 4081 1354 4143 egre-

405 4157 502 4235 ditur,
518 4157 684 4242 multaque
699 4158 818 4222 damna
831 4161 917 4239 facit,
928 4163 1025 4226 tertio
1039 4183 1199 4226 nonarum
1213 4161 1354 4227 Novem·

403 4261 479 4326 bris.
526 4261 713 4326 Osmundus
737 4263 902 4346 episcopus
928 4265 1182 4330 saresboriensis
1206 4265 1296 4345 obiit,
1318 4272 1355 4332 ot
