3218 5098
613 604 903 648 rnrarnunouusn.
1185 582 1235 660 Δ65

283 739 343 781 suo
362 717 521 783 Eduardo
541 739 561 782 a
581 719 737 783 militibus
757 719 892 783 Roberti
912 718 1083 802 Moubray,
1101 717 1238 784 Comitis

284 820 605 898 Northanhumbriae,
629 821 666 884 in
690 821 776 885 bello
801 821 967 885 occiditur.
1015 821 1102 885 Seoti
1125 821 1238 885 Dune-

285 921 420 984 naldnm
435 921 603 985 Malcolmi
617 921 751 985 fratrem
765 943 875 1005 regem
889 922 1013 987 faciunt
1021 947 1031 1001 3
1055 922 1112 986 sed
1126 923 1238 986 Dune-

286 1044 385 1088 canus
410 1024 496 1088 filius
520 1025 698 1104 Maleolmi,
725 1026 780 1108 qui
804 1026 968 1090 Willelmo
992 1026 1162 1104 militabat,
1187 1046 1238 1090 ac-

286 1126 386 1208 ceptis
423 1148 443 1190 a
478 1147 555 1209 rege
592 1128 727 1206 auxiliis,
766 1149 905 1211 regnum
940 1129 1069 1212 recepit,
1108 1129 1239 1211 expulso

287 1227 492 1291 Dunenaldo.
552 1228 663 1293 Mater
699 1230 778 1312 ejus,
814 1231 927 1314 regina
964 1231 1090 1310 Scotiae,
1128 1238 1240 1296 sancta

288 1329 486 1413 Margareta,
503 1331 613 1396 audita
627 1340 730 1396 morte
746 1332 868 1397 domini
884 1334 943 1412 sui,
959 1334 1049 1399 obiit.

333 1431 532 1495 A.D.1094.
579 1430 760 1497 Harbertus
781 1435 932 1519 Losinga,
953 1436 987 1500 id
1007 1445 1065 1516 est,
1081 1437 1238 1515 adulator,

289 1536 508 1620 episcopatum
537 1538 699 1602 Thedford
729 1540 817 1619 emit,
849 1542 931 1607 sicut
960 1543 1048 1626 prius
1078 1542 1240 1606 abbatiam

290 1641 449 1724 Ramesey
464 1650 595 1722 emerat,
615 1643 784 1729 factusque
804 1655 854 1711 est
873 1654 965 1730 pater
983 1649 1052 1731 ejus
1072 1653 1145 1730 post
1165 1667 1241 1710 eum

288 1743 387 1808 abbas
404 1745 562 1828 Ramesey
571 1772 581 1823 3
604 1747 691 1811 unde
707 1747 834 1813 dicebat
850 1749 980 1832 quidam
994 1750 1128 1833 poetice,

335 1898 447 1982 Surgit
462 1899 498 1962 in
513 1901 644 1965 ecelesia
659 1909 851 1982 monstrum,
867 1903 1013 1986 genitore
1028 1904 1180 1988 Losinga.

334 2001 434 2065 Filius
450 2008 499 2068 est
513 2006 639 2087 praesul,
655 2011 746 2089 pater
762 2005 860 2070 abbas
869 2032 878 2085 ;
904 2007 1017 2071 Simon
1031 2015 1178 2092 uterque.

291 2153 421 2219 Dicitur
456 2160 578 2235 tamen,
616 2156 702 2239 quod
737 2164 849 2240 postea
884 2158 1078 2242 poenitentia
1114 2159 1240 2238 ductus,

292 2257 423 2321 domino
444 2278 535 2340 papae
552 2257 705 2322 baculum
727 2260 937 2324 simoniacum
957 2261 1175 2344 resignaverit,
1196 2262 1243 2326 ita

291 2368 403 2423 tamen
424 2367 463 2423 ut
484 2361 612 2424 nullum
634 2363 745 2426 statim
769 2364 934 2446 reciperet.
981 2365 1046 2428 Hic
1069 2370 1178 2427 tamen
1202 2365 1244 2428 ad

292 2463 502 2528 Norvvichum
532 2465 640 2530 sedem
670 2466 880 2549 episcopalem
905 2466 1082 2544 transtulit,
1112 2466 1244 2548 insuper

293 2565 402 2630 sedem
421 2565 553 2630 celebris
577 2567 741 2651 religionis
761 2568 835 2631 viris
853 2568 1030 2652 insignivit.
1077 2570 1147 2632 Rex
1161 2569 1242 2631 Wil-

293 2668 409 2733 lelmns
423 2669 516 2732 fratri
526 2670 764 2734 Normanniam
779 2672 904 2736 auferre
919 2671 1044 2750 nititur,
1055 2671 1112 2734 sed
1127 2671 1244 2735 auxilio

294 2772 433 2855 Philippi
461 2772 547 2855 regis
573 2774 780 2853 Francorum,
805 2781 939 2840 conatus
965 2776 1034 2859 ejus
1059 2775 1244 2838 frustratim.

294 2875 473 2939 Wallenses
502 2876 623 2960 ubique
651 2879 720 2962 regi
754 2880 919 2958 resistunt,
949 2880 1036 2943 unde
1068 2901 1134 2959 rex,
1168 2880 1245 2944 illuc

294 2980 393 3044 ducto
411 2980 562 3058 exercitu,
581 2981 728 3046 homines
746 2990 779 3046 et
800 3004 898 3065 equos
911 2983 1051 3066 perdidit
1059 3008 1070 3061 3
1093 2982 1174 3047 aeris
1195 2983 1245 3047 in-

295 3084 450 3166 temperie
461 3089 494 3147 et
510 3085 568 3147 soli
582 3084 800 3168 inaequalitate
814 3087 997 3169 impeditus.
1023 3088 1121 3165 Scoti,
1134 3088 1246 3151 Dune-

296 3205 376 3249 cano
402 3185 515 3264 occiso,
542 3186 774 3250 Dunenaldum
798 3208 900 3270 regno
925 3188 1147 3251 restituerunt.
1203 3188 1247 3254 In

296 3288 426 3372 Anglia,
445 3296 576 3374 propter
597 3311 707 3372 graves
732 3291 923 3368 exactiones,
943 3312 1022 3373 quas
1042 3311 1098 3354 rex
1117 3290 1246 3370 fecerat,

297 3393 493 3476 agricultura
513 3393 647 3472 defecit,
670 3395 771 3458 fames
790 3400 926 3477 sequuta
946 3400 1005 3471 est,
1026 3400 1098 3476 post
1118 3393 1246 3472 famem,

297 3495 479 3577 evestigio,
499 3496 677 3560 mortalitas
700 3495 870 3560 hominum
895 3495 974 3559 adeo
992 3493 1111 3573 crebra,
1131 3501 1170 3558 ut
1193 3495 1247 3560 de·

298 3604 381 3661 esset
409 3597 574 3662 morituris
603 3619 682 3662 cura
710 3605 743 3662 et
767 3597 903 3660 mortuis
930 3597 1104 3682 sepultura
1158 3598 1247 3662 Wal-

297 3701 402 3765 lenses
432 3708 465 3765 et
495 3701 700 3765 Cestrensem
730 3700 919 3764 comitatum
949 3706 981 3764 et
1004 3706 1130 3782 partem
1156 3701 1247 3765 Scro-

298 3802 445 3866 besbiriae
474 3802 668 3887 depopulati,
694 3803 882 3887 Anglesiam
912 3803 1010 3867 etiam
1040 3824 1135 3886 super
1163 3804 1248 3867 Nor·

297 3927 435 3971 mannos
450 3906 670 3972 obtinuerunt.

342 4011 427 4073 A.D.
445 4013 539 4074 1095.
570 4012 687 4075 Petrus
702 4011 846 4074 Eremita
860 4010 900 4074 de
916 4010 1091 4075 Jerusalem
1106 4011 1249 4088 veniens,

296 4112 494 4194 legationem
518 4135 697 4197 pauperum
721 4114 842 4177 Christi
867 4113 1056 4197 patriarchae
1082 4113 1250 4191 Simeonis,
1378 4125 1380 4131 ⁴

299 4219 333 4278 et
356 4214 492 4280 aliorum
514 4217 574 4282 sub
597 4238 635 4281 eo
653 4217 920 4296 Christianorum,
936 4217 1052 4282 detulit
1073 4217 1114 4282 ad
1134 4239 1252 4302 papam

771 4341 789 4384 r
