3218 5098
625 623 917 668 rnrarnuaauusu.
1204 606 1261 670 31-

291 739 495 806 Athelwoldo
505 739 734 818 Wintoniensi,
750 744 789 803 ut
803 739 913 824 ejectis
928 738 1050 804 clericis
1066 741 1106 804 de
1120 743 1248 826 majori-

291 845 353 909 bus
368 844 519 923 ecclesiis,
533 844 706 908 monachos
720 845 756 908 in
771 845 818 908 eis
832 865 891 928 pro
902 844 1024 908 clericis
1036 845 1229 911 collocarent
1237 871 1248 926 ;

292 949 378 1015 unde
394 950 434 1012 de
449 949 620 1031 Wigornia
634 948 801 1012 Oswaldus
816 949 945 1012 clericos
960 947 1065 1032 ejecit.

336 1054 421 1117 A.D.
442 1055 517 1118 970.
564 1052 702 1116 Sanctus
723 1051 944 1116 Athclwoldus
967 1052 1133 1135 episcopus
1155 1053 1248 1116 Win-

293 1157 449 1221 toniensis
476 1156 643 1220 transtulit
673 1155 713 1218 de
743 1156 926 1220 coemeterio
950 1155 987 1219 in
1008 1155 1175 1220 ecclesiam
1199 1177 1249 1220 re-

294 1261 409 1344 liquias
439 1260 544 1324 sancti
575 1259 736 1323 Swithuui
761 1259 999 1343 praedecessoris
1026 1260 1086 1338 sui,
1111 1281 1148 1324 ac
1174 1266 1250 1326 ante

295 1365 396 1428 altare
412 1364 516 1428 sancti
528 1363 616 1426 Petri
627 1362 800 1434 honorifice
811 1364 986 1428 collocavit.
1013 1364 1250 1428 Monasterium

297 1468 395 1532 ctiam
418 1467 458 1532 de
479 1466 761 1542 Medeshamstede
783 1474 963 1532 restaurare
985 1469 1091 1550 coepit,
1114 1475 1147 1532 et
1166 1469 1250 1531 Bur·

296 1592 374 1654 gum
398 1570 502 1634 sancti
525 1569 614 1634 Petri
638 1570 818 1653 appellavit,
843 1592 929 1634 anno
956 1570 1162 1635 desolationis
1184 1593 1250 1636 suae

296 1675 463 1758 acqualiter
477 1674 664 1738 centesimo.

340 1779 521 1844 Α.1).971.
566 1778 759 1843 Edmundus
785 1777 870 1842 filius
896 1777 1017 1860 Edgari
1045 1778 1130 1861 rogis
1159 1777 1250 1843 obiit.

297 1881 493 1947 Benedictus
508 1903 591 1966 papa
605 1881 703 1946 obiit:
720 1882 872 1946 successit
888 1882 997 1946 Conus
1012 1903 1104 1966 papa,
1117 1882 1168 1946 cui
1179 1888 1252 1966 post

298 2008 352 2050 sex
367 2007 493 2050 meuses
509 1986 643 2051 obeunti
658 1985 809 2050 successit
824 1986 1010 2050 Bonifacius
1024 1987 1105 2051 VII.

340 2091 426 2154 A.D.
451 2093 524 2156 972.
573 2091 711 2154 Sanctus
736 2090 903 2154 Oswaldus
928 2091 1163 2173 Wigomiensis
1186 2090 1252 2174 epi·

299 2216 413 2278 scopus
438 2193 542 2258 factus
569 2199 617 2256 est
641 2192 896 2277 archiepiscopus
918 2193 1139 2258 Eboracensis.
1187 2195 1252 2259 Hic

299 2297 531 2362 monasterium
547 2297 753 2361 Ramesieuse
768 2297 924 2376 fundavit,
941 2299 1058 2361 anxilio
1073 2299 1174 2361 fultus
1194 2320 1252 2362 no-

299 2402 372 2466 bilis
388 2402 488 2466 Ducis
504 2401 637 2464 Marciae
650 2401 820 2465 Aldewini.

342 2505 428 2570 A.D.
438 2507 513 2570 973.
544 2504 691 2586 Edgarus
706 2525 762 2568 rex
774 2504 813 2568 ab
826 2504 1068 2590 archiepiscopis
1080 2505 1253 2571 Dunstano

300 2616 333 2674 et
349 2609 507 2687 Oswaldo,
527 2609 713 2692 caeterisque
734 2609 943 2692 suffraganeis
966 2632 1087 2688 corum,
1104 2611 1253 2674 solemni-

300 2721 351 2778 ter
366 2712 453 2797 apud
465 2714 620 2776 Atemam
635 2712 686 2776 dic
703 2713 909 2776 Pentecostes
925 2722 1138 2778 cousecratur.
1166 2714 1255 2779 Otho

300 2817 475 2900 imperator
489 2815 587 2880 obiit:
611 2816 761 2880 successit
777 2816 865 2880 Otho
881 2817 918 2880 II
933 2818 1018 2881 filius
1033 2819 1112 2902 ejus.

344 2920 430 2983 A.D.
446 2923 520 2985 974.
567 2919 673 2983 Terrae
694 2927 801 2984 motus
823 2943 960 3003 magnus
981 2944 1039 3005 per
1060 2930 1164 2988 totam
1186 2923 1255 2988 An·

303 3023 410 3106 gliam.

345 3126 430 3189 A.D.
447 3128 522 3191 975.
568 3126 639 3189 Rex
653 3125 800 3208 Edgams
816 3126 906 3205 obiit,
921 3150 989 3192 non
1003 3129 1112 3193 minus
1135 3152 1255 3195 memo·

302 3228 411 3294 rabilis
432 3229 548 3312 Anglis
574 3251 671 3312 quarn
692 3231 831 3295 Karolus
854 3233 995 3310 Francis,
1013 3233 1116 3318 Cyrus
1139 3235 1255 3314 Persis,

303 3334 354 3400 vel
376 3335 533 3398 Romulus
549 3335 722 3400 Romanis:
747 3334 960 3417 quadraginta
981 3341 1013 3398 et
1037 3342 1175 3417 quatuor
1189 3358 1256 3400 mo-

303 3437 444 3503 nasteria
457 3438 562 3502 fertur
571 3436 732 3515 fundasse,
742 3437 791 3500 vel
804 3437 917 3500 saltem
932 3443 1137 3500 restaurasse
1166 3439 1258 3502 Post·

305 3563 403 3625 quam
424 3547 542 3606 cuncta
560 3540 712 3624 regaliter
733 3539 976 3619 consummavit,
992 3562 1050 3623 per
1067 3544 1171 3606 totam
1187 3541 1257 3607 An-

306 3643 404 3729 gliam
435 3644 538 3708 multa
565 3643 653 3707 bona
675 3664 771 3727 opera
794 3643 922 3719 faciens,
951 3666 1037 3708 auno
1061 3647 1165 3710 aetatis
1192 3669 1258 3713 suae

304 3748 471 3830 trigesimo
500 3747 650 3825 secund0,
681 3751 792 3810 octavo
821 3747 893 3811 idus
924 3747 1015 3826 Julii,
1045 3771 1085 3814 ex
1110 3751 1170 3815 hac
1193 3753 1259 3817 vita

304 3853 471 3929 transivit3
493 3851 660 3934 filiumque
683 3850 877 3914 Edwardum
895 3859 1006 3934 postea
1028 3862 1204 3938 martyrem
1226 3865 1259 3922 et
1296 3871 1306 3898 ⁸

304 3956 400 4040 regni
428 3962 461 4019 et
490 3977 616 4019 morum
646 3952 776 4036 reliquit
799 3953 969 4018 haeredem.
1025 3956 1146 4040 Corpus
1172 3960 1258 4024 illins

308 4060 511 4124 Glastoniam
546 4056 699 4135 delatum,
729 4056 818 4140 regio
847 4079 936 4122 more
970 4061 1169 4126 tumulatum
1199 4069 1257 4127 est.

307 4165 372 4230 Hic
398 4164 477 4228 dum
499 4163 618 4226 viveret
638 4161 701 4224 tria
723 4159 824 4224 millia
847 4165 880 4226 et
904 4170 1069 4226 sexcentas
1093 4187 1189 4228 naves
1207 4186 1258 4229 ro-

304 4270 417 4335 bustas
433 4269 493 4334 sibi
508 4270 767 4348 congregaverat,
779 4263 894 4348 quibus
905 4263 1045 4330 insulam
1056 4273 1158 4332 totam
1171 4268 1260 4334 omni
