3212 5102
555 663 557 670 ,
644 628 934 674 curaraonnuusn.
1223 613 1266 675 89

317 745 470 831 Sepultus
493 752 543 812 ost
566 746 652 832 apud
676 746 856 831 Redinges:
880 746 933 811 cui
956 747 1107 812 successit
1131 748 1265 832 Stepha-

316 873 389 931 nus,
404 850 580 916 Theobaldi
595 850 719 915 comitis
735 849 897 916 Blessnsis
910 849 1011 914 frater
1026 850 1146 935 junior,
1162 872 1266 916 comes

316 953 473 1018 Bononiae
502 960 535 1018 et
564 953 750 1034 Meretonii‚
775 975 844 1020 non
871 953 1014 1018 multum
1041 960 1124 1037 post,
1155 961 1268 1019 contra

316 1078 421 1136 snum,
437 1063 470 1122 et
485 1057 641 1135 omnium,
657 1057 713 1140 qui
733 1079 808 1122 eum
827 1064 1070 1136 coronaverunt,
1087 1078 1266 1122 sacramen·

315 1165 397 1224 tum.
444 1160 509 1224 Hic
527 1160 564 1223 in
583 1160 790 1225 coronatione
805 1183 864 1224 rna
878 1160 997 1239 omnia,
1013 1181 1086 1244 quae
1098 1160 1149 1225 vel
1167 1162 1267 1226 eccle·

317 1263 372 1328 siae
393 1263 445 1328 vel
466 1284 568 1347 regno
591 1263 791 1347 privilegiare
815 1263 1078 1347 exposcebantur,
1102 1263 1267 1348 benignis-

316 1366 395 1432 sime
425 1367 573 1431 contulit.
632 1366 775 1432 Abbatia
811 1367 851 1431 de
880 1367 1088 1447 Bildewasch,
1118 1366 1198 1432 iem
1227 1368 1267 1432 de

316 1468 430 1549 Forda,
445 1470 525 1534 item
540 1469 580 1534 de
597 1469 760 1548 Stanford,
776 1469 967 1534 fundantur.

358 1573 443 1638 An.
469 1573 564 1638 1136.
604 1573 751 1638 Secundo
772 1572 986 1658 kalendarum
1008 1573 1156 1638 Januarii
1179 1593 1267 1638 coro-

298 1665 412 1741 natus
438 1684 487 1742 est
510 1699 568 1741 rex
593 1677 786 1760 Stephanus,
811 1684 844 1742 et
869 1676 906 1741 in
929 1676 1029 1742 missa
1053 1677 1268 1743 coronationis

317 1800 382 1844 sure
404 1801 463 1864 per
484 1779 718 1862 negligentiam
743 1801 805 1863 pax
830 1800 898 1843 non
923 1779 1019 1844 datur
1043 1779 1080 1842 in
1102 1779 1267 1863 populum,

316 1904 377 1948 nec
390 1904 502 1968 pacem
516 1883 631 1948 habuit
646 1883 794 1948 omnihus
810 1883 922 1947 diebus
937 1883 1011 1948 vitae
1026 1905 1100 1948 suae.
1134 1884 1267 1948 Mones·

315 1986 435 2052 terium
454 1987 494 2052 de
512 1987 635 2051 Meiros
652 1991 852 2052 restauratur
867 1993 900 2051 et
915 1985 1181 2051 Cisterciensihus
1198 2007 1268 2051 mo-

316 2090 428 2154 nachis
442 2077 614 2167 confertur,
633 2112 652 2155 a
671 2091 888 2155 destructione
908 2111 966 2154 sua
985 2111 1072 2154 anno
1095 2135 1268 2155 ......

316 2199 510 2277 sanctusque
538 2194 705 2258 Waltcvur
734 2195 772 2258 fit
802 2215 916 2258 eorum
944 2193 1069 2277 primus
1099 2192 1197 2258 abbas
1227 2215 1267 2258 ex

317 2296 450 2361 sacrista
479 2296 681 2362 Rievallensi.
734 2297 839 2364 David
867 2318 925 2361 rex
956 2297 1126 2361 Scotorum
1155 2318 1267 2380 pacem

316 2399 394 2464 facit
409 2422 482 2464 cum
497 2421 573 2484 rege
586 2401 760 2485 Stephano,
772 2401 919 2485 filiusque
934 2400 1003 2485 ejus
1017 2399 1086 2484 regi
1102 2400 1267 2483 Stephano

315 2504 505 2588 homagium
518 2505 605 2569 facit.
650 2505 836 2569 Willelmus'
855 2505 1110 2589 archiepiscopus
1126 2504 1267 2568 Cantua·

315 2607 428 2672 riensis
444 2607 534 2674 obiit.
579 2609 760 2675 Translatio
776 2607 879 2674 sancti
894 2608 1048 2673 Guthlaci
1066 2607 1107 2672 ab
1125 2608 1266 2672 Alexan-

316 2712 374 2777 dro
389 2712 609 2778 lincolniensi
623 2713 771 2797 episcopo
786 2713 973 2777 solemniter
987 2711 1157 2778 celebrata.
1186 2713 1267 2777 Erat

316 2814 403 2880 enim
422 2816 484 2880 iste
503 2815 687 2882 Alexander
702 2817 894 2881 munificans
908 2817 1009 2896 valde,
1024 2817 1267 2900 potentissimus

316 2925 386 2982 erat
408 2925 441 2983 et
462 2918 499 2982 in
512 2919 643 3002 Anglia,
659 2926 693 2985 et
714 2920 750 2984 in
772 2921 921 2985 Romana
942 2921 1048 2985 curia:
1070 2920 1158 2985 unde
1179 2921 1267 2986 inter

316 3029 431 3087 caetera
456 3023 629 3106 magnifica
654 3044 750 3106 opera
775 3043 842 3101 sua,
866 3023 1012 3087 ordinem
1038 3023 1265 3106 Sempringha-

315 3147 461 3191 mensem
475 3126 697 3190 ardentissime
719 3128 887 3211 promovit.
932 3127 983 3191 De
1002 3126 1266 3191 Oisterciensibus

315 3229 379 3293 tria
392 3229 589 3294 monasteria
602 3229 759 3307 fundavit,
772 3251 809 3293 ec
824 3229 922 3294 etiam
937 3229 1001 3292 tria
1015 3229 1144 3293 castella
1159 3251 1179 3292 a
1192 3229 1265 3293 fun-

317 3331 476 3396 damentis
501 3332 587 3410 fecit,
611 3333 633 3396 i.
655 3353 682 3396 e.
707 3331 856 3416 Banbyn‚
883 3330 1033 3410 Ncwerlr,
1058 3339 1091 3395 et
1114 3331 1264 3397 Lafford:

316 3440 349 3497 et
365 3433 494 3498 abbatia
509 3434 549 3498 de
563 3435 709 3499 Wardon
722 3434 888 3499 fundatur.
1213 3517 1217 3526 ι

358 3539 443 3602 An.
469 3540 563 3605 1137.
611 3538 794 3622 Stephanus
825 3537 1060 3602 Normanniam
1089 3537 1178 3618 adiit,
1202 3561 1266 3623 qua

316 3641 492 3725 pacificata,
521 3663 634 3726 pacem
663 3663 736 3706 cum
764 3662 840 3724 rege
869 3643 1067 3706 Francorum
1090 3644 1273 3727 componit,

316 3745 529 3829 omnibusque
548 3765 698 3829 prospere
717 3745 863 3828 peractis,
878 3744 1033 3828 Angliam
1046 3745 1140 3810 redit.
1185 3746 1264 3810 'Pur-

316 3846 420 3911 stinus
453 3847 707 3933 archiepiscopus
736 3848 948 3914 Eboracensis
977 3848 1018 3912 ad
1047 3848 1265 3934 Rokysburgh

315 3949 431 4033 pergit,
446 3950 622 4035 impetrans
641 3972 660 4014 a
677 3972 754 4037 rege
768 3973 811 4016 ne
825 3951 1061 4017 Northumbria
1074 3959 1263 4033 vastaretur,

315 4054 462 4139 dataeque
492 4062 569 4120 sunt
597 4055 736 4121 induciae
763 4063 953 4140 treugarum
964 4083 974 4135 ς
1006 4056 1123 4140 quibus
1152 4057 1262 4136 finitis,

315 4159 420 4223 David
438 4161 517 4224 'cum
539 4159 654 4242 grandi
676 4160 817 4225 exercitu
835 4161 999 4225 inundans
1018 4166 1122 4226 totam
1141 4159 1263 4224 North-

315 4262 484 4342 umbriam,
509 4262 729 4346 depopulatur,
752 4270 785 4328 et
808 4264 987 4329 revertitur.
1034 4265 1104 4328 Rex
1128 4261 1263 4348 Stepha-
