<?xml version="1.0" encoding="UTF-8"?>
<!DOCTYPE html PUBLIC "-//W3C//DTD XHTML 1.0 Transitional//EN"
    "http://www.w3.org/TR/xhtml1/DTD/xhtml1-transitional.dtd">
<html xmlns="http://www.w3.org/1999/xhtml" xml:lang="en" lang="en">
 <head>
  <title>
</title>
<meta http-equiv="Content-Type" content="text/html;charset=utf-8" />
  <meta name='ocr-system' content='tesseract 3.04.00' />
  <meta name='ocr-capabilities' content='ocr_page ocr_carea ocr_par ocr_line ocrx_word'/>
</head>
<body>
  <div class='ocr_page' id='page_1' title='image "./chroniconanglia00chrogoog_0065.png"; bbox 0 0 3226 5100; ppageno 0'>
   <div class='ocr_carea' id='block_1_1' title="bbox 628 593 1249 662">
    <p class='ocr_par' dir='ltr' id='par_1_1' title="bbox 628 593 1249 662">
     <span class='ocr_line' id='line_1_1' title="bbox 628 593 1249 662; baseline 0.002 -3"><span class='ocrx_word' id='word_1_1' title='bbox 628 593 919 662; x_wconf 78' lang='lat' dir='ltr'><strong>rarnrsouonusn.</strong></span> <span class='ocrx_word' id='word_1_2' title='bbox 1206 597 1249 660; x_wconf 80' lang='lat'><strong>43</strong></span> 
     </span>
    </p>
   </div>
   <div class='ocr_carea' id='block_1_2' title="bbox 286 728 1252 1854">
    <p class='ocr_par' dir='ltr' id='par_1_2' title="bbox 286 728 1252 1854">
     <span class='ocr_line' id='line_1_2' title="bbox 297 728 1252 814; baseline -0.005 -13"><span class='ocrx_word' id='word_1_3' title='bbox 297 733 401 800; x_wconf 90' lang='lat' dir='ltr'><strong>Danis</strong></span> <span class='ocrx_word' id='word_1_4' title='bbox 421 753 461 796; x_wconf 83' lang='lat' dir='ltr'><strong>ex</strong></span> <span class='ocrx_word' id='word_1_5' title='bbox 479 736 550 795; x_wconf 89' lang='lat' dir='ltr'><strong>tota</strong></span> <span class='ocrx_word' id='word_1_6' title='bbox 570 730 690 814; x_wconf 85' lang='lat' dir='ltr'><strong>Anglia</strong></span> <span class='ocrx_word' id='word_1_7' title='bbox 710 730 839 809; x_wconf 87' lang='lat' dir='ltr'><strong>dantur,</strong></span> <span class='ocrx_word' id='word_1_8' title='bbox 854 736 893 794; x_wconf 89' lang='lat' dir='ltr'><strong>ut</strong></span> <span class='ocrx_word' id='word_1_9' title='bbox 912 729 1110 795; x_wconf 89' lang='lat' dir='ltr'><strong>remunerati</strong></span> <span class='ocrx_word' id='word_1_10' title='bbox 1130 728 1171 796; x_wconf 85' lang='lat' dir='ltr'><strong>ad</strong></span> <span class='ocrx_word' id='word_1_11' title='bbox 1190 753 1252 796; x_wconf 89' lang='lat' dir='ltr'><strong>sua</strong></span> 
     </span>
     <span class='ocr_line' id='line_1_3' title="bbox 297 832 1249 918; baseline -0.003 -16"><span class='ocrx_word' id='word_1_12' title='bbox 297 837 451 902; x_wconf 76' lang='lat' dir='ltr'><strong>redirent.</strong></span> <span class='ocrx_word' id='word_1_13' title='bbox 497 834 635 911; x_wconf 80' lang='lat' dir='ltr'><strong>Gnatus,</strong></span> <span class='ocrx_word' id='word_1_14' title='bbox 650 833 725 896; x_wconf 90' lang='lat' dir='ltr'><strong>licet</strong></span> <span class='ocrx_word' id='word_1_15' title='bbox 740 832 900 897; x_wconf 77' lang='lat' dir='ltr'><strong>hostiliter</strong></span> <span class='ocrx_word' id='word_1_16' title='bbox 914 853 1051 916; x_wconf 89' lang='lat' dir='ltr'><strong>regnum</strong></span> <span class='ocrx_word' id='word_1_17' title='bbox 1066 833 1249 918; x_wconf 75' lang='lat' dir='ltr'><strong>accepisset,</strong></span> 
     </span>
     <span class='ocr_line' id='line_1_4' title="bbox 297 936 1250 1023; baseline -0.003 -18"><span class='ocrx_word' id='word_1_18' title='bbox 297 943 333 1005; x_wconf 92' lang='lat' dir='ltr'><strong>in</strong></span> <span class='ocrx_word' id='word_1_19' title='bbox 347 959 458 1023; x_wconf 88' lang='lat' dir='ltr'><strong>regem</strong></span> <span class='ocrx_word' id='word_1_20' title='bbox 472 938 679 1001; x_wconf 85' lang='lat' dir='ltr'><strong>confirmatus</strong></span> <span class='ocrx_word' id='word_1_21' title='bbox 698 936 832 1001; x_wconf 86' lang='lat' dir='ltr'><strong>civiliter</strong></span> <span class='ocrx_word' id='word_1_22' title='bbox 851 936 948 1020; x_wconf 89' lang='lat' dir='ltr'><strong>coepit</strong></span> <span class='ocrx_word' id='word_1_23' title='bbox 962 937 1087 1020; x_wconf 86' lang='lat' dir='ltr'><strong>Anglos</strong></span> <span class='ocrx_word' id='word_1_24' title='bbox 1101 943 1250 1017; x_wconf 89' lang='lat' dir='ltr'><strong>tractare,</strong></span> 
     </span>
     <span class='ocr_line' id='line_1_5' title="bbox 297 1038 1249 1127; baseline -0.006 -17"><span class='ocrx_word' id='word_1_25' title='bbox 297 1067 358 1109; x_wconf 89' lang='lat' dir='ltr'><strong>nec</strong></span> <span class='ocrx_word' id='word_1_26' title='bbox 373 1044 506 1108; x_wconf 87' lang='lat' dir='ltr'><strong>Danum</strong></span> <span class='ocrx_word' id='word_1_27' title='bbox 521 1039 694 1127; x_wconf 72' lang='lat' dir='ltr'><strong>aliquando</strong></span> <span class='ocrx_word' id='word_1_28' title='bbox 709 1038 851 1123; x_wconf 72' lang='lat' dir='ltr'><strong>praetulit</strong></span> <span class='ocrx_word' id='word_1_29' title='bbox 865 1040 985 1122; x_wconf 84' lang='lat' dir='ltr'><strong>Angla.</strong></span> <span class='ocrx_word' id='word_1_30' title='bbox 1015 1041 1058 1104; x_wconf 92' lang='lat' dir='ltr'><strong>In</strong></span> <span class='ocrx_word' id='word_1_31' title='bbox 1072 1041 1249 1124; x_wconf 84' lang='lat' dir='ltr'><strong>proditores</strong></span> 
     </span>
     <span class='ocr_line' id='line_1_6' title="bbox 298 1146 1250 1230; baseline -0.004 -14"><span class='ocrx_word' id='word_1_32' title='bbox 298 1149 465 1217; x_wconf 79' lang='lat' dir='ltr'><strong>Edmundi</strong></span> <span class='ocrx_word' id='word_1_33' title='bbox 474 1147 651 1212; x_wconf 86' lang='lat' dir='ltr'><strong>vindictam</strong></span> <span class='ocrx_word' id='word_1_34' title='bbox 665 1147 760 1230; x_wconf 87' lang='lat' dir='ltr'><strong>plene</strong></span> <span class='ocrx_word' id='word_1_35' title='bbox 775 1167 961 1230; x_wconf 82' lang='lat' dir='ltr'><strong>exsequens,</strong></span> <span class='ocrx_word' id='word_1_36' title='bbox 972 1146 1020 1210; x_wconf 88' lang='lat' dir='ltr'><strong>ita</strong></span> <span class='ocrx_word' id='word_1_37' title='bbox 1033 1158 1072 1211; x_wconf 89' lang='lat' dir='ltr'><strong>ut</strong></span> <span class='ocrx_word' id='word_1_38' title='bbox 1086 1153 1153 1212; x_wconf 88' lang='lat' dir='ltr'><strong>tres</strong></span> <span class='ocrx_word' id='word_1_39' title='bbox 1167 1147 1250 1213; x_wconf 90' lang='lat' dir='ltr'><strong>filios</strong></span> 
     </span>
     <span class='ocr_line' id='line_1_7' title="bbox 297 1252 1250 1337; baseline -0.006 -15"><span class='ocrx_word' id='word_1_40' title='bbox 297 1256 408 1321; x_wconf 85' lang='lat' dir='ltr'><strong>Edrici</strong></span> <span class='ocrx_word' id='word_1_41' title='bbox 427 1255 525 1320; x_wconf 89' lang='lat' dir='ltr'><strong>etiam</strong></span> <span class='ocrx_word' id='word_1_42' title='bbox 544 1274 603 1337; x_wconf 91' lang='lat' dir='ltr'><strong>pro</strong></span> <span class='ocrx_word' id='word_1_43' title='bbox 624 1252 725 1336; x_wconf 88' lang='lat' dir='ltr'><strong>patris</strong></span> <span class='ocrx_word' id='word_1_44' title='bbox 745 1252 879 1336; x_wconf 88' lang='lat' dir='ltr'><strong>perfidia</strong></span> <span class='ocrx_word' id='word_1_45' title='bbox 899 1252 1081 1336; x_wconf 87' lang='lat' dir='ltr'><strong>perimeret.</strong></span> <span class='ocrx_word' id='word_1_46' title='bbox 1125 1252 1250 1337; x_wconf 86' lang='lat' dir='ltr'><strong>Corpus</strong></span> 
     </span>
     <span class='ocr_line' id='line_1_8' title="bbox 299 1355 1249 1440; baseline -0.003 -17"><span class='ocrx_word' id='word_1_47' title='bbox 299 1359 404 1424; x_wconf 90' lang='lat' dir='ltr'><strong>sancti</strong></span> <span class='ocrx_word' id='word_1_48' title='bbox 417 1356 524 1440; x_wconf 75' lang='lat' dir='ltr'><strong>alfegi</strong></span> <span class='ocrx_word' id='word_1_49' title='bbox 542 1355 770 1439; x_wconf 88' lang='lat' dir='ltr'><strong>archiepiscopi</strong></span> <span class='ocrx_word' id='word_1_50' title='bbox 788 1361 823 1420; x_wconf 89' lang='lat' dir='ltr'><strong>et</strong></span> <span class='ocrx_word' id='word_1_51' title='bbox 841 1355 992 1440; x_wconf 83' lang='lat' dir='ltr'><strong>martyris</strong></span> <span class='ocrx_word' id='word_1_52' title='bbox 1010 1355 1079 1440; x_wconf 88' lang='lat' dir='ltr'><strong>ipse</strong></span> <span class='ocrx_word' id='word_1_53' title='bbox 1099 1355 1249 1420; x_wconf 90' lang='lat' dir='ltr'><strong>manibus</strong></span> 
     </span>
     <span class='ocr_line' id='line_1_9' title="bbox 299 1458 1249 1538; baseline -0.002 -12"><span class='ocrx_word' id='word_1_54' title='bbox 299 1462 365 1526; x_wconf 89' lang='lat' dir='ltr'><strong>suis</strong></span> <span class='ocrx_word' id='word_1_55' title='bbox 402 1461 442 1525; x_wconf 91' lang='lat' dir='ltr'><strong>de</strong></span> <span class='ocrx_word' id='word_1_56' title='bbox 478 1467 565 1524; x_wconf 89' lang='lat' dir='ltr'><strong>terra</strong></span> <span class='ocrx_word' id='word_1_57' title='bbox 601 1459 726 1538; x_wconf 87' lang='lat' dir='ltr'><strong>levavit,</strong></span> <span class='ocrx_word' id='word_1_58' title='bbox 756 1465 789 1524; x_wconf 90' lang='lat' dir='ltr'><strong>et</strong></span> <span class='ocrx_word' id='word_1_59' title='bbox 827 1458 1036 1524; x_wconf 86' lang='lat' dir='ltr'><strong>Cantuariam</strong></span> <span class='ocrx_word' id='word_1_60' title='bbox 1071 1459 1249 1525; x_wconf 73' lang='lat' dir='ltr'><strong>transtulit.</strong></span> 
     </span>
     <span class='ocr_line' id='line_1_10' title="bbox 301 1562 1249 1648; baseline -0.001 -20"><span class='ocrx_word' id='word_1_61' title='bbox 301 1564 413 1629; x_wconf 84' lang='lat' dir='ltr'><strong>Sancti</strong></span> <span class='ocrx_word' id='word_1_62' title='bbox 432 1563 598 1629; x_wconf 78' lang='lat' dir='ltr'><strong>Edmundi</strong></span> <span class='ocrx_word' id='word_1_63' title='bbox 620 1562 705 1646; x_wconf 85' lang='lat' dir='ltr'><strong>regis</strong></span> <span class='ocrx_word' id='word_1_64' title='bbox 730 1569 763 1627; x_wconf 92' lang='lat' dir='ltr'><strong>et</strong></span> <span class='ocrx_word' id='word_1_65' title='bbox 785 1563 936 1648; x_wconf 87' lang='lat' dir='ltr'><strong>martyris</strong></span> <span class='ocrx_word' id='word_1_66' title='bbox 962 1564 1128 1630; x_wconf 89' lang='lat' dir='ltr'><strong>ecclesiam</strong></span> <span class='ocrx_word' id='word_1_67' title='bbox 1153 1563 1249 1647; x_wconf 89' lang='lat' dir='ltr'><strong>regiis</strong></span> 
     </span>
     <span class='ocr_line' id='line_1_11' title="bbox 299 1665 1249 1750; baseline 0 -19"><span class='ocrx_word' id='word_1_68' title='bbox 299 1667 486 1732; x_wconf 89' lang='lat' dir='ltr'><strong>muneribus</strong></span> <span class='ocrx_word' id='word_1_69' title='bbox 510 1673 544 1731; x_wconf 88' lang='lat' dir='ltr'><strong>et</strong></span> <span class='ocrx_word' id='word_1_70' title='bbox 566 1665 820 1750; x_wconf 72' lang='lat' dir='ltr'><strong>possessionibus</strong></span> <span class='ocrx_word' id='word_1_71' title='bbox 842 1667 1015 1750; x_wconf 89' lang='lat' dir='ltr'><strong>ampliavit,</strong></span> <span class='ocrx_word' id='word_1_72' title='bbox 1038 1667 1177 1732; x_wconf 86' lang='lat' dir='ltr'><strong>diversas</strong></span> <span class='ocrx_word' id='word_1_73' title='bbox 1199 1688 1249 1731; x_wconf 87' lang='lat' dir='ltr'><strong>ec-</strong></span> 
     </span>
     <span class='ocr_line' id='line_1_12' title="bbox 286 1769 1080 1854; baseline 0.003 -22"><span class='ocrx_word' id='word_1_74' title='bbox 286 1771 411 1835; x_wconf 77' lang='lat' dir='ltr'><strong>,elesias</strong></span> <span class='ocrx_word' id='word_1_75' title='bbox 426 1778 458 1836; x_wconf 90' lang='lat' dir='ltr'><strong>et</strong></span> <span class='ocrx_word' id='word_1_76' title='bbox 474 1769 670 1835; x_wconf 90' lang='lat' dir='ltr'><strong>monasteria</strong></span> <span class='ocrx_word' id='word_1_77' title='bbox 682 1791 740 1853; x_wconf 88' lang='lat' dir='ltr'><strong>per</strong></span> <span class='ocrx_word' id='word_1_78' title='bbox 753 1769 908 1854; x_wconf 86' lang='lat' dir='ltr'><strong>Angliam</strong></span> <span class='ocrx_word' id='word_1_79' title='bbox 922 1769 1080 1837; x_wconf 84' lang='lat' dir='ltr'><strong>fundavit.</strong></span> 
     </span>
    </p>
   </div>
   <div class='ocr_carea' id='block_1_3' title="bbox 209 1872 1250 1954">
    <p class='ocr_par' dir='ltr' id='par_1_3' title="bbox 209 1872 1250 1954">
     <span class='ocr_line' id='line_1_13' title="bbox 209 1872 1250 1954; baseline -0.001 -16"><span class='ocrx_word' id='word_1_80' title='bbox 209 1947 210 1950; x_wconf 8' lang='grc' dir='ltr'><strong>Ἴ</strong></span> <span class='ocrx_word' id='word_1_81' title='bbox 244 1917 254 1936; x_wconf 91' lang='grc'><strong>.</strong></span> <span class='ocrx_word' id='word_1_82' title='bbox 340 1875 427 1938; x_wconf 91' lang='lat' dir='ltr'><strong>A.D.</strong></span> <span class='ocrx_word' id='word_1_83' title='bbox 453 1876 547 1938; x_wconf 92' lang='grc'><strong>1019.</strong></span> <span class='ocrx_word' id='word_1_84' title='bbox 586 1874 657 1938; x_wconf 85' lang='lat' dir='ltr'><strong>Rex</strong></span> <span class='ocrx_word' id='word_1_85' title='bbox 679 1873 807 1938; x_wconf 82' lang='lat' dir='ltr'><strong>Cautus</strong></span> <span class='ocrx_word' id='word_1_86' title='bbox 828 1872 965 1939; x_wconf 79' lang='lat' dir='ltr'><strong>Daciam</strong></span> <span class='ocrx_word' id='word_1_87' title='bbox 986 1874 1108 1954; x_wconf 86' lang='lat' dir='ltr'><strong>adiens,</strong></span> <span class='ocrx_word' id='word_1_88' title='bbox 1129 1873 1250 1940; x_wconf 90' lang='lat' dir='ltr'><strong>ibidem</strong></span> 
     </span>
    </p>
   </div>
   <div class='ocr_carea' id='block_1_4' title="bbox 297 1975 1261 4114">
    <p class='ocr_par' dir='ltr' id='par_1_4' title="bbox 297 1975 772 2061">
     <span class='ocr_line' id='line_1_14' title="bbox 297 1975 772 2061; baseline -0.006 -19"><span class='ocrx_word' id='word_1_89' title='bbox 297 1999 355 2061; x_wconf 89' lang='lat' dir='ltr'><strong>per</strong></span> <span class='ocrx_word' id='word_1_90' title='bbox 369 1984 473 2043; x_wconf 88' lang='lat' dir='ltr'><strong>totam</strong></span> <span class='ocrx_word' id='word_1_91' title='bbox 487 1977 628 2042; x_wconf 89' lang='lat' dir='ltr'><strong>hiemem</strong></span> <span class='ocrx_word' id='word_1_92' title='bbox 644 1975 772 2040; x_wconf 88' lang='lat' dir='ltr'><strong>mansit.</strong></span> 
     </span>
    </p>

    <p class='ocr_par' dir='ltr' id='par_1_5' title="bbox 298 2079 1261 2578">
     <span class='ocr_line' id='line_1_15' title="bbox 342 2079 1251 2165; baseline 0.001 -20"><span class='ocrx_word' id='word_1_93' title='bbox 342 2081 428 2164; x_wconf 71' lang='lat' dir='ltr'><strong>An,</strong></span> <span class='ocrx_word' id='word_1_94' title='bbox 450 2082 545 2145; x_wconf 95' lang='grc'><strong>1020.</strong></span> <span class='ocrx_word' id='word_1_95' title='bbox 583 2080 655 2144; x_wconf 86' lang='lat' dir='ltr'><strong>Rex</strong></span> <span class='ocrx_word' id='word_1_96' title='bbox 677 2079 804 2145; x_wconf 82' lang='lat' dir='ltr'><strong>Cautus</strong></span> <span class='ocrx_word' id='word_1_97' title='bbox 825 2080 980 2165; x_wconf 85' lang='lat' dir='ltr'><strong>Angiiam</strong></span> <span class='ocrx_word' id='word_1_98' title='bbox 1000 2080 1138 2160; x_wconf 86' lang='lat' dir='ltr'><strong>rediens,</strong></span> <span class='ocrx_word' id='word_1_99' title='bbox 1160 2103 1251 2165; x_wconf 88' lang='lat' dir='ltr'><strong>mag·</strong></span> 
     </span>
     <span class='ocr_line' id='line_1_16' title="bbox 299 2183 1249 2269; baseline 0.003 -22"><span class='ocrx_word' id='word_1_100' title='bbox 299 2205 380 2249; x_wconf 90' lang='lat' dir='ltr'><strong>num</strong></span> <span class='ocrx_word' id='word_1_101' title='bbox 410 2183 581 2248; x_wconf 86' lang='lat' dir='ltr'><strong>concilium</strong></span> <span class='ocrx_word' id='word_1_102' title='bbox 610 2183 696 2269; x_wconf 89' lang='lat' dir='ltr'><strong>apud</strong></span> <span class='ocrx_word' id='word_1_103' title='bbox 725 2184 883 2250; x_wconf 85' lang='lat' dir='ltr'><strong>Circestre</strong></span> <span class='ocrx_word' id='word_1_104' title='bbox 911 2185 947 2249; x_wconf 94' lang='lat' dir='ltr'><strong>in</strong></span> <span class='ocrx_word' id='word_1_105' title='bbox 976 2185 1100 2250; x_wconf 80' lang='lat' dir='ltr'><strong>Pascha</strong></span> <span class='ocrx_word' id='word_1_106' title='bbox 1131 2186 1249 2251; x_wconf 86' lang='lat' dir='ltr'><strong>tenuit.</strong></span> 
     </span>
     <span class='ocr_line' id='line_1_17' title="bbox 298 2286 1249 2372; baseline 0.002 -22"><span class='ocrx_word' id='word_1_107' title='bbox 298 2286 492 2351; x_wconf 87' lang='lat' dir='ltr'><strong>Edmundus</strong></span> <span class='ocrx_word' id='word_1_108' title='bbox 513 2287 618 2352; x_wconf 86' lang='lat' dir='ltr'><strong>factus</strong></span> <span class='ocrx_word' id='word_1_109' title='bbox 644 2293 694 2351; x_wconf 86' lang='lat' dir='ltr'><strong>est</strong></span> <span class='ocrx_word' id='word_1_110' title='bbox 718 2287 884 2372; x_wconf 87' lang='lat' dir='ltr'><strong>episcopus</strong></span> <span class='ocrx_word' id='word_1_111' title='bbox 911 2288 1148 2353; x_wconf 88' lang='lat' dir='ltr'><strong>Dunelmensis.</strong></span> <span class='ocrx_word' id='word_1_112' title='bbox 1194 2289 1249 2354; x_wconf 87' lang='lat' dir='ltr'><strong>Li-</strong></span> 
     </span>
     <span class='ocr_line' id='line_1_18' title="bbox 299 2391 1251 2476; baseline 0.003 -21"><span class='ocrx_word' id='word_1_113' title='bbox 299 2391 396 2474; x_wconf 90' lang='lat' dir='ltr'><strong>vingo</strong></span> <span class='ocrx_word' id='word_1_114' title='bbox 415 2391 650 2476; x_wconf 87' lang='lat' dir='ltr'><strong>archiepiscopo</strong></span> <span class='ocrx_word' id='word_1_115' title='bbox 670 2391 895 2458; x_wconf 85' lang='lat' dir='ltr'><strong>Cantuariensi</strong></span> <span class='ocrx_word' id='word_1_116' title='bbox 916 2393 1079 2474; x_wconf 89' lang='lat' dir='ltr'><strong>defuncto,</strong></span> <span class='ocrx_word' id='word_1_117' title='bbox 1099 2395 1251 2458; x_wconf 87' lang='lat' dir='ltr'><strong>successit</strong></span> 
     </span>
     <span class='ocr_line' id='line_1_19' title="bbox 298 2481 1261 2578; baseline 0.003 -20"><span class='ocrx_word' id='word_1_118' title='bbox 298 2494 515 2577; x_wconf 88' lang='lat' dir='ltr'><strong>Agclnothus,</strong></span> <span class='ocrx_word' id='word_1_119' title='bbox 532 2494 588 2577; x_wconf 91' lang='lat' dir='ltr'><strong>qui</strong></span> <span class='ocrx_word' id='word_1_120' title='bbox 603 2495 849 2578; x_wconf 87' lang='lat' dir='ltr'><strong>cognominatus</strong></span> <span class='ocrx_word' id='word_1_121' title='bbox 865 2502 914 2559; x_wconf 89' lang='lat' dir='ltr'><strong>est</strong></span> <span class='ocrx_word' id='word_1_122' title='bbox 928 2497 1050 2560; x_wconf 90' lang='lat' dir='ltr'><strong>Bonus.</strong></span> <span class='ocrx_word' id='word_1_123' title='bbox 1258 2481 1261 2488; x_wconf 39' lang='lat'><strong><em>¹</em></strong></span> 
     </span>
    </p>

    <p class='ocr_par' dir='ltr' id='par_1_6' title="bbox 301 2597 1249 2765">
     <span class='ocr_line' id='line_1_20' title="bbox 341 2597 1249 2683; baseline 0.006 -23"><span class='ocrx_word' id='word_1_124' title='bbox 341 2598 426 2661; x_wconf 92' lang='lat' dir='ltr'><strong>A.D.</strong></span> <span class='ocrx_word' id='word_1_125' title='bbox 444 2599 539 2661; x_wconf 84' lang='lat'><strong>1021.</strong></span> <span class='ocrx_word' id='word_1_126' title='bbox 570 2597 710 2680; x_wconf 82' lang='lat' dir='ltr'><strong>Aigarus</strong></span> <span class='ocrx_word' id='word_1_127' title='bbox 725 2597 955 2680; x_wconf 85' lang='lat' dir='ltr'><strong>Estanglorum</strong></span> <span class='ocrx_word' id='word_1_128' title='bbox 971 2599 1137 2683; x_wconf 88' lang='lat' dir='ltr'><strong>episcopus</strong></span> <span class='ocrx_word' id='word_1_129' title='bbox 1149 2598 1249 2666; x_wconf 91' lang='lat' dir='ltr'><strong>obiit:</strong></span> 
     </span>
     <span class='ocr_line' id='line_1_21' title="bbox 301 2699 681 2765; baseline 0 -1"><span class='ocrx_word' id='word_1_130' title='bbox 301 2700 454 2765; x_wconf 87' lang='lat' dir='ltr'><strong>successit</strong></span> <span class='ocrx_word' id='word_1_131' title='bbox 468 2699 681 2764; x_wconf 80' lang='lat' dir='ltr'><strong>Athelwinus.</strong></span> 
     </span>
    </p>

    <p class='ocr_par' dir='ltr' id='par_1_7' title="bbox 298 2802 1251 2992">
     <span class='ocr_line' id='line_1_22' title="bbox 343 2802 1251 2890; baseline 0.004 -22"><span class='ocrx_word' id='word_1_132' title='bbox 343 2804 427 2868; x_wconf 87' lang='lat' dir='ltr'><strong>A.D.</strong></span> <span class='ocrx_word' id='word_1_133' title='bbox 454 2805 549 2868; x_wconf 90' lang='grc'><strong>1022.</strong></span> <span class='ocrx_word' id='word_1_134' title='bbox 594 2802 798 2886; x_wconf 86' lang='lat' dir='ltr'><strong>Agelnothns</strong></span> <span class='ocrx_word' id='word_1_135' title='bbox 827 2803 1082 2890; x_wconf 81' lang='lat' dir='ltr'><strong>archiepiscopus</strong></span> <span class='ocrx_word' id='word_1_136' title='bbox 1112 2805 1251 2872; x_wconf 81' lang='lat' dir='ltr'><strong>Romam</strong></span> 
     </span>
     <span class='ocr_line' id='line_1_23' title="bbox 298 2906 1076 2992; baseline 0.006 -23"><span class='ocrx_word' id='word_1_137' title='bbox 298 2907 459 2990; x_wconf 86' lang='lat' dir='ltr'><strong>profectus</strong></span> <span class='ocrx_word' id='word_1_138' title='bbox 473 2906 608 2990; x_wconf 90' lang='lat' dir='ltr'><strong>pallium</strong></span> <span class='ocrx_word' id='word_1_139' title='bbox 624 2928 643 2970; x_wconf 88' lang='lat' dir='ltr'><strong>a</strong></span> <span class='ocrx_word' id='word_1_140' title='bbox 657 2907 834 2972; x_wconf 90' lang='lat' dir='ltr'><strong>Benedicto</strong></span> <span class='ocrx_word' id='word_1_141' title='bbox 848 2929 932 2992; x_wconf 86' lang='lat' dir='ltr'><strong>papa</strong></span> <span class='ocrx_word' id='word_1_142' title='bbox 945 2908 1076 2991; x_wconf 86' lang='lat' dir='ltr'><strong>recepit.</strong></span> 
     </span>
    </p>

    <p class='ocr_par' dir='ltr' id='par_1_8' title="bbox 297 3008 1252 3503">
     <span class='ocr_line' id='line_1_24' title="bbox 341 3008 1252 3094; baseline 0.005 -22"><span class='ocrx_word' id='word_1_143' title='bbox 341 3010 425 3073; x_wconf 91' lang='lat' dir='ltr'><strong>A.D.</strong></span> <span class='ocrx_word' id='word_1_144' title='bbox 452 3011 547 3074; x_wconf 84' lang='grc'><strong>1023.</strong></span> <span class='ocrx_word' id='word_1_145' title='bbox 595 3008 719 3092; x_wconf 83' lang='lat' dir='ltr'><strong>Corpus</strong></span> <span class='ocrx_word' id='word_1_146' title='bbox 748 3009 853 3075; x_wconf 89' lang='lat' dir='ltr'><strong>sancti</strong></span> <span class='ocrx_word' id='word_1_147' title='bbox 877 3010 984 3094; x_wconf 84' lang='lat' dir='ltr'><strong>Elfegi</strong></span> <span class='ocrx_word' id='word_1_148' title='bbox 1008 3011 1252 3076; x_wconf 73' lang='lat' dir='ltr'><strong>cantuariensis</strong></span> 
     </span>
     <span class='ocr_line' id='line_1_25' title="bbox 299 3111 1251 3197; baseline 0.002 -21"><span class='ocrx_word' id='word_1_149' title='bbox 299 3112 525 3197; x_wconf 85' lang='lat' dir='ltr'><strong>archiepiscopi</strong></span> <span class='ocrx_word' id='word_1_150' title='bbox 537 3118 570 3177; x_wconf 92' lang='lat' dir='ltr'><strong>et</strong></span> <span class='ocrx_word' id='word_1_151' title='bbox 581 3112 731 3196; x_wconf 82' lang='lat' dir='ltr'><strong>martyris</strong></span> <span class='ocrx_word' id='word_1_152' title='bbox 743 3111 784 3176; x_wconf 91' lang='lat' dir='ltr'><strong>de</strong></span> <span class='ocrx_word' id='word_1_153' title='bbox 795 3112 973 3177; x_wconf 85' lang='lat' dir='ltr'><strong>Londoniis</strong></span> <span class='ocrx_word' id='word_1_154' title='bbox 987 3112 1029 3176; x_wconf 86' lang='lat' dir='ltr'><strong>ad</strong></span> <span class='ocrx_word' id='word_1_155' title='bbox 1040 3113 1251 3178; x_wconf 85' lang='lat' dir='ltr'><strong>Cantuariam</strong></span> 
     </span>
     <span class='ocr_line' id='line_1_26' title="bbox 299 3214 1251 3280; baseline 0 -2"><span class='ocrx_word' id='word_1_156' title='bbox 299 3221 349 3278; x_wconf 88' lang='lat' dir='ltr'><strong>est</strong></span> <span class='ocrx_word' id='word_1_157' title='bbox 363 3216 567 3280; x_wconf 87' lang='lat' dir='ltr'><strong>translatum.</strong></span> <span class='ocrx_word' id='word_1_158' title='bbox 609 3214 701 3279; x_wconf 89' lang='lat' dir='ltr'><strong>Obiit</strong></span> <span class='ocrx_word' id='word_1_159' title='bbox 714 3215 906 3278; x_wconf 88' lang='lat' dir='ltr'><strong>Wulstanus</strong></span> <span class='ocrx_word' id='word_1_160' title='bbox 921 3215 1131 3280; x_wconf 81' lang='lat' dir='ltr'><strong>Eborscensis</strong></span> <span class='ocrx_word' id='word_1_161' title='bbox 1147 3215 1251 3280; x_wconf 90' lang='lat' dir='ltr'><strong>archi·</strong></span> 
     </span>
     <span class='ocr_line' id='line_1_27' title="bbox 298 3317 1251 3401; baseline 0.002 -19"><span class='ocrx_word' id='word_1_162' title='bbox 298 3317 474 3401; x_wconf 86' lang='lat' dir='ltr'><strong>episcopus,</strong></span> <span class='ocrx_word' id='word_1_163' title='bbox 499 3317 551 3381; x_wconf 90' lang='lat' dir='ltr'><strong>cui</strong></span> <span class='ocrx_word' id='word_1_164' title='bbox 575 3317 728 3382; x_wconf 89' lang='lat' dir='ltr'><strong>successit</strong></span> <span class='ocrx_word' id='word_1_165' title='bbox 749 3317 891 3380; x_wconf 86' lang='lat' dir='ltr'><strong>Alfricus</strong></span> <span class='ocrx_word' id='word_1_166' title='bbox 912 3317 1148 3382; x_wconf 89' lang='lat' dir='ltr'><strong>Wintonicnsis</strong></span> <span class='ocrx_word' id='word_1_167' title='bbox 1171 3339 1251 3401; x_wconf 85' lang='lat' dir='ltr'><strong>prae·</strong></span> 
     </span>
     <span class='ocr_line' id='line_1_28' title="bbox 297 3417 713 3503; baseline 0 -21"><span class='ocrx_word' id='word_1_168' title='bbox 297 3419 432 3502; x_wconf 89' lang='lat' dir='ltr'><strong>positus.</strong></span> <span class='ocrx_word' id='word_1_169' title='bbox 476 3418 612 3503; x_wconf 82' lang='lat' dir='ltr'><strong>Eclipsis</strong></span> <span class='ocrx_word' id='word_1_170' title='bbox 629 3417 713 3482; x_wconf 79' lang='lat' dir='ltr'><strong>solis.</strong></span> 
     </span>
    </p>

    <p class='ocr_par' dir='ltr' id='par_1_9' title="bbox 299 3519 1252 4114">
     <span class='ocr_line' id='line_1_29' title="bbox 341 3519 1252 3604; baseline 0.004 -20"><span class='ocrx_word' id='word_1_171' title='bbox 341 3521 428 3584; x_wconf 74' lang='lat' dir='ltr'><strong>An.</strong></span> <span class='ocrx_word' id='word_1_172' title='bbox 445 3522 540 3584; x_wconf 79' lang='lat'><strong>1024.</strong></span> <span class='ocrx_word' id='word_1_173' title='bbox 580 3519 744 3584; x_wconf 86' lang='lat' dir='ltr'><strong>Henricus</strong></span> <span class='ocrx_word' id='word_1_174' title='bbox 764 3521 938 3604; x_wconf 88' lang='lat' dir='ltr'><strong>imperator</strong></span> <span class='ocrx_word' id='word_1_175' title='bbox 951 3520 1041 3602; x_wconf 89' lang='lat' dir='ltr'><strong>obiit,</strong></span> <span class='ocrx_word' id='word_1_176' title='bbox 1057 3522 1110 3587; x_wconf 83' lang='lat' dir='ltr'><strong>cui</strong></span> <span class='ocrx_word' id='word_1_177' title='bbox 1127 3544 1252 3590; x_wconf 88' lang='lat' dir='ltr'><strong>sncces-</strong></span> 
     </span>
     <span class='ocr_line' id='line_1_30' title="bbox 299 3621 1249 3708; baseline 0.005 -23"><span class='ocrx_word' id='word_1_178' title='bbox 299 3623 342 3685; x_wconf 85' lang='lat' dir='ltr'><strong>sit</strong></span> <span class='ocrx_word' id='word_1_179' title='bbox 379 3621 545 3686; x_wconf 83' lang='lat' dir='ltr'><strong>Conradus</strong></span> <span class='ocrx_word' id='word_1_180' title='bbox 583 3623 805 3687; x_wconf 84' lang='lat' dir='ltr'><strong>Romanorum</strong></span> <span class='ocrx_word' id='word_1_181' title='bbox 840 3622 1068 3706; x_wconf 84' lang='lat' dir='ltr'><strong>nonagesimus</strong></span> <span class='ocrx_word' id='word_1_182' title='bbox 1105 3631 1249 3708; x_wconf 89' lang='lat' dir='ltr'><strong>quartus.</strong></span> 
     </span>
     <span class='ocr_line' id='line_1_31' title="bbox 302 3723 1249 3813; baseline 0.007 -24"><span class='ocrx_word' id='word_1_183' title='bbox 302 3724 504 3807; x_wconf 87' lang='lat' dir='ltr'><strong>Agelnothus</strong></span> <span class='ocrx_word' id='word_1_184' title='bbox 520 3723 773 3808; x_wconf 89' lang='lat' dir='ltr'><strong>archiepiscopus</strong></span> <span class='ocrx_word' id='word_1_185' title='bbox 788 3725 914 3790; x_wconf 90' lang='lat' dir='ltr'><strong>rediens</strong></span> <span class='ocrx_word' id='word_1_186' title='bbox 929 3726 970 3790; x_wconf 90' lang='lat' dir='ltr'><strong>de</strong></span> <span class='ocrx_word' id='word_1_187' title='bbox 985 3726 1090 3792; x_wconf 84' lang='lat' dir='ltr'><strong>Roma</strong></span> <span class='ocrx_word' id='word_1_188' title='bbox 1102 3749 1161 3813; x_wconf 88' lang='lat' dir='ltr'><strong>pro</strong></span> <span class='ocrx_word' id='word_1_189' title='bbox 1175 3775 1182 3792; x_wconf 89' lang='lat'><strong>.</strong></span> <span class='ocrx_word' id='word_1_190' title='bbox 1196 3777 1204 3793; x_wconf 94' lang='lat'><strong>.</strong></span> <span class='ocrx_word' id='word_1_191' title='bbox 1219 3777 1226 3794; x_wconf 90' lang='lat'><strong>.</strong></span> <span class='ocrx_word' id='word_1_192' title='bbox 1241 3779 1249 3796; x_wconf 92' lang='lat'><strong>.</strong></span> 
     </span>
     <span class='ocr_line' id='line_1_32' title="bbox 300 3826 1250 3912; baseline 0.009 -22"><span class='ocrx_word' id='word_1_193' title='bbox 300 3826 467 3891; x_wconf 86' lang='lat' dir='ltr'><strong>brachium</strong></span> <span class='ocrx_word' id='word_1_194' title='bbox 488 3827 591 3892; x_wconf 90' lang='lat' dir='ltr'><strong>sancti</strong></span> <span class='ocrx_word' id='word_1_195' title='bbox 610 3828 796 3910; x_wconf 83' lang='lat' dir='ltr'><strong>Augustini,</strong></span> <span class='ocrx_word' id='word_1_196' title='bbox 817 3830 928 3912; x_wconf 89' lang='lat' dir='ltr'><strong>magni</strong></span> <span class='ocrx_word' id='word_1_197' title='bbox 950 3829 1097 3911; x_wconf 84' lang='lat' dir='ltr'><strong>doctoris,</strong></span> <span class='ocrx_word' id='word_1_198' title='bbox 1118 3841 1250 3899; x_wconf 89' lang='lat' dir='ltr'><strong>centum</strong></span> 
     </span>
     <span class='ocr_line' id='line_1_33' title="bbox 300 3929 1251 4021; baseline 0.009 -29"><span class='ocrx_word' id='word_1_199' title='bbox 300 3929 432 3993; x_wconf 88' lang='lat' dir='ltr'><strong>talentis</strong></span> <span class='ocrx_word' id='word_1_200' title='bbox 462 3930 588 4014; x_wconf 85' lang='lat' dir='ltr'><strong>argenti</strong></span> <span class='ocrx_word' id='word_1_201' title='bbox 617 3930 695 3995; x_wconf 89' lang='lat' dir='ltr'><strong>emit</strong></span> <span class='ocrx_word' id='word_1_202' title='bbox 731 3939 764 3996; x_wconf 93' lang='lat' dir='ltr'><strong>et</strong></span> <span class='ocrx_word' id='word_1_203' title='bbox 800 3952 868 4010; x_wconf 86' lang='lat' dir='ltr'><strong>uno</strong></span> <span class='ocrx_word' id='word_1_204' title='bbox 896 3931 976 4012; x_wconf 85' lang='lat' dir='ltr'><strong>anri,</strong></span> <span class='ocrx_word' id='word_1_205' title='bbox 1007 3933 1251 4021; x_wconf 79' lang='lat' dir='ltr'><strong>Coventriaeque</strong></span> 
     </span>
     <span class='ocr_line' id='line_1_34' title="bbox 300 4031 418 4114; baseline 0.017 -20"><span class='ocrx_word' id='word_1_206' title='bbox 300 4031 418 4114; x_wconf 87' lang='lat' dir='ltr'><strong>posuit.</strong></span> 
     </span>
    </p>
   </div>
   <div class='ocr_carea' id='block_1_5' title="bbox 300 4141 1250 4310">
    <p class='ocr_par' dir='ltr' id='par_1_10' title="bbox 300 4141 1250 4310">
     <span class='ocr_line' id='line_1_35' title="bbox 300 4141 1250 4308; baseline 0.004 -104"><span class='ocrx_word' id='word_1_207' title='bbox 300 4243 333 4308; x_wconf 61' lang='lat' dir='ltr'><strong>dl</strong></span> <span class='ocrx_word' id='word_1_208' title='bbox 343 4141 429 4205; x_wconf 84' lang='lat' dir='ltr'><strong>A.D.</strong></span> <span class='ocrx_word' id='word_1_209' title='bbox 441 4143 541 4308; x_wconf 54' lang='grc' dir='ltr'><strong>ὶ1ζο25.</strong></span> <span class='ocrx_word' id='word_1_210' title='bbox 580 4141 671 4208; x_wconf 91' lang='lat' dir='ltr'><strong>Obiit</strong></span> <span class='ocrx_word' id='word_1_211' title='bbox 686 4143 707 4206; x_wconf 89' lang='lat' dir='ltr'><strong>J</strong></span> <span class='ocrx_word' id='word_1_212' title='bbox 708 4143 851 4209; x_wconf 86' lang='lat' dir='ltr'><strong>ohannes</strong></span> <span class='ocrx_word' id='word_1_213' title='bbox 865 4165 957 4228; x_wconf 90' lang='lat' dir='ltr'><strong>papa,</strong></span> <span class='ocrx_word' id='word_1_214' title='bbox 974 4143 1125 4210; x_wconf 88' lang='lat' dir='ltr'><strong>successit</strong></span> <span class='ocrx_word' id='word_1_215' title='bbox 1145 4143 1250 4209; x_wconf 90' lang='lat' dir='ltr'><strong>Bene·</strong></span> 
     </span>
     <span class='ocr_line' id='line_1_36' title="bbox 324 4244 486 4310; baseline -0.006 -2"><span class='ocrx_word' id='word_1_216' title='bbox 324 4244 438 4310; x_wconf 87' lang='lat' dir='ltr'><strong>&#39;ctusI</strong></span> <span class='ocrx_word' id='word_1_217' title='bbox 479 4292 486 4307; x_wconf 94' lang='lat'><strong>.</strong></span> 
     </span>
    </p>
   </div>
   <div class='ocr_carea' id='block_1_6' title="bbox 0 0 1621 5100">
    <p class='ocr_par' dir='ltr' id='par_1_11' title="bbox 0 0 1621 5100">
     <span class='ocr_line' id='line_1_37' title="bbox 0 0 1621 5100; baseline 0 0"><span class='ocrx_word' id='word_1_218' title='bbox 0 0 1621 5100; x_wconf 95' lang='lat' dir='ltr'><strong> </strong></span> 
     </span>
    </p>
   </div>
  </div>
 </body>
</html>
