3216 5104
364 619 427 683 172
658 634 854 678 cnaourcou
872 634 1008 678 susara

406 756 490 820 Α.Ι).
523 754 617 820 1362.
669 753 833 818 Maximus
862 761 978 818 ventus
1006 753 1043 816 in
1071 750 1180 836 vigilia
1209 751 1312 817 sancti

362 858 473 922 Mauri
493 856 617 921 abbatis
637 856 792 941 percussit
811 865 940 936 terram,
956 856 1133 921 Londoniae
1152 855 1312 920 sexdecim

361 969 467 1026 turres
483 961 686 1025 ecclesiarum
702 961 827 1044 dejecit,
844 960 1002 1024 domosct
1016 960 1203 1024 molendina
1216 959 1312 1023 innu-

361 1087 451 1129 mera
470 1064 649 1149 prostravit,
666 1064 794 1128 arbores
814 1071 847 1128 et
867 1065 1009 1148 integras
1029 1064 1122 1128 silvas
1144 1064 1179 1127 in
1200 1065 1312 1129 multis

361 1169 438 1233 locis
454 1191 474 1232 a
487 1167 705 1232 fundamentis
720 1168 844 1232 evulsit.

403 1272 488 1336 Α.Ι).
506 1272 600 1335 1364.
639 1270 729 1334 Obiit
744 1270 955 1336 Innocentius
970 1292 1051 1354 papa
1060 1297 1069 1348 3
1093 1270 1145 1335 cui
1160 1271 1310 1335 successit

361 1396 400 1440 ex
422 1375 538 1440 abbate
560 1375 662 1439 sancti
681 1374 821 1439 Victoris
843 1382 934 1439 extra
955 1374 1134 1438 Massiliam
1156 1373 1310 1439 Urbanus

361 1480 402 1543 V.
444 1479 535 1544 Obiit
550 1478 700 1542 dominus
715 1477 736 1540 J
736 1477 879 1541 ohannes
893 1499 950 1541 rex
964 1477 1107 1542 Ibanciae
1122 1477 1308 1556 Londoniae,

362 1584 447 1668 apud
460 1583 616 1668 palatium
631 1580 721 1646 ducis
736 1581 940 1661 Lancastriae‚
953 1581 1040 1665 quod
1055 1582 1158 1666 Savoy
1173 1582 1310 1666 appella-

360 1694 425 1766 tur,
446 1687 498 1751 die
520 1687 623 1750 Luna
644 1692 717 1769 post
739 1685 933 1750 dominicam
954 1685 989 1748 in
1011 1685 1113 1763 Albis,
1130 1707 1230 1769 quum
1251 1708 1310 1770 pro

360 1791 498 1873 negotiis
512 1789 604 1874 regni
624 1789 673 1853 sui
693 1788 734 1852 ad
752 1810 862 1872 regem
881 1796 1026 1853 nostrum
1040 1788 1076 1852 in
1090 1789 1244 1872 Angliam
1258 1810 1309 1853 ve-

361 1894 478 1958 nisset:
501 1893 622 1958 viscera
645 1892 715 1977 ejus
739 1892 825 1976 apud
849 1898 998 1956 sanctum
1022 1892 1160 1956 Paulum
1186 1893 1311 1975 sepulta

362 2005 459 2076 sunt3
482 2018 596 2082 corpus
616 1997 651 2061 in
672 1996 842 2061 Franciam
860 1997 999 2061 relatum
1019 2003 1077 2060 cst.
1122 1997 1164 2061 In
1180 1997 1309 2060 Britan-

361 2103 416 2166 nia
426 2124 500 2166 vero
514 2100 637 2166 bellum
653 2106 780 2184 gestum
795 2107 843 2164 est
858 2100 1091 2164 ferocissimum
1105 2101 1191 2165 inter
1207 2101 1309 2165 Karc-

360 2205 429 2268 lum
454 2204 604 2268 comitem
631 2203 829 2282 Blcsensem,
853 2203 1032 2268 Britanniae
1058 2203 1211 2267 ducatum
1236 2204 1310 2287 jure

360 2308 466 2372 uxoris
486 2330 552 2372 suae
571 2315 746 2392 petentem,
762 2329 836 2370 cum
859 2308 1002 2387 Francis,
1019 2313 1051 2372 et
1067 2307 1249 2372 Johannem
1270 2308 1310 2372 de

360 2412 531 2492 Montfort‚
551 2412 665 2476 ducem
685 2412 872 2491 Britannice,
895 2433 970 2475 cum
989 2412 1114 2496 Anglis,
1136 2412 1309 2476 defenden-

359 2525 436 2595 tem,
459 2515 597 2579 infesto
620 2515 723 2579 sancti
745 2515 934 2594 Michaelis3
961 2515 1017 2580 ubi
1041 2516 1145 2580 dictus
1171 2516 1309 2580 Karolus

360 2620 481 2684 occisus
501 2625 550 2683 est
570 2640 644 2682 cum
665 2619 733 2682 aliis
752 2619 873 2698 multis,
890 2619 1057 2704 dictusque
1073 2620 1238 2684 lohannes
1252 2621 1309 2685 ha-

359 2724 430 2789 buit
445 2723 609 2788 victoriam
626 2745 699 2786 cum
716 2723 846 2787 ducatu.

402 2828 486 2892 Α.Ι).
504 2829 598 2891 1365.
631 2828 791 2893 Dominus
807 2828 923 2892 Petrus
937 2850 994 2892 rex
1009 2829 1156 2894 Castellae
1171 2829 1309 2894 venitin

359 2933 552 2998 Vasconiam
574 2933 616 2997 ad
638 2932 806 2997 dominum
825 2933 1012 3017 principem,
1032 2956 1090 3017 pro
1113 2955 1170 2998 suo
1193 2934 1308 2999 auxilio

358 3037 506 3102 habendo
528 3045 640 3102 contra
663 3034 841 3101 llenricum
865 3038 1002 3102 Bastard
1023 3038 1202 3121 fratresque
1224 3061 1307 3117 suos,

359 3142 414 3226 qui
428 3143 534 3225 ipsum
549 3141 588 3206 de
602 3162 703 3224 regno
718 3162 776 3204 suo
790 3141 822 3203 vi
837 3149 869 3204 et
885 3141 981 3204 armis
998 3142 1195 3225 expulerant.

402 3242 486 3305 Α.Ι).
504 3242 598 3305 1366.
637 3240 727 3304 Obiit
742 3241 895 3323 magister
912 3240 1023 3304 Simon
1038 3241 1078 3304 de
1093 3241 1190 3324 Islep,
1206 3240 1307 3305 archi-

358 3344 523 3429 episcopus
547 3343 806 3422 Cantuariensis3
833 3343 886 3408 cui
909 3344 1060 3408 successit
1084 3343 1233 3408 dominus
1259 3345 1308 3409 si-

357 3470 435 3513 mon
447 3449 487 3512 de
497 3448 678 3531 Langbam,
691 3447 856 3531 episcopus
871 3447 1020 3526 Elicnsis,
1033 3448 1194 3531 quondam
1210 3447 1308 3512 abbas

357 3552 646 3617 westmonasterii.
692 3552 778 3616 Item
798 3551 879 3616 obiit
901 3551 1050 3616 dominus
1064 3552 1245 3616 Willelmus
1268 3552 1308 3616 de

357 3657 533 3740 Edington,
549 3656 713 3740 episcopus
728 3655 981 3735 Wintoniensis3
1005 3656 1056 3720 cui
1078 3657 1229 3721 successit
1252 3656 1307 3721 do-

357 3760 465 3824 minus
476 3759 657 3823 Willelmus
674 3759 713 3823 de
723 3759 907 3838 Wickham,
924 3759 1164 3824 archidiaconus
1180 3760 1307 3824 Lincol-

357 3864 429 3944 niae,
446 3872 479 3928 et
501 3886 521 3928 a
542 3863 671 3928 secretis
693 3863 786 3946 regis.
832 3863 1024 3928 Tonitruum
1039 3863 1181 3928 terribile
1197 3864 1306 3928 kalen-

358 3969 407 4032 dis
434 3967 631 4053 Septembris
642 3993 652 4046 ;
684 3966 763 4030 item
785 3966 946 4031 mirabiles
969 3969 1051 4032 aeris
1073 3969 1308 4033 coruscationes

358 4082 473 4156 quarto
494 4071 706 4136 kalendarum
729 4070 941 4136 Novembris:
973 4072 1139 4154 praedictas
1164 4093 1307 4136 corusca-

356 4176 461 4241 tiones
476 4175 668 4260 gravissimac
687 4181 897 4259 tempestates
918 4183 1063 4260 sequutae
1083 4182 1159 4240 sunt
1179 4177 1307 4260 grandi-

357 4281 407 4345 nis
422 4288 455 4345 et
469 4281 659 4366 pluviarum.
697 4281 783 4345 Item
799 4279 864 4344 dux
879 4280 1074 4345 Lancastriae
1089 4282 1308 4346 transfretavit
