3212 5102
619 612 910 656 rnnarauasnusn.
939 629 948 642 -ι
1181 596 1244 658 109
1300 627 1302 648 =

289 724 357 791 rico
371 726 508 807 oblatus,
523 727 628 810 primo
642 729 796 808 libaveris,
808 729 925 794 deinde
937 729 1139 810 Warmaciae,
1155 731 1248 795 stric-

289 829 356 894 tius
382 829 579 909 observatam,
603 852 770 914 usquequo
794 839 927 898 centum
953 839 986 896 et
1014 833 1250 917 quinquaginta

289 933 393 997 millia
406 953 587 998 marcarum
601 933 788 1018 imperatori
802 941 835 998 et
850 935 924 998 duci
937 935 1142 1018 persolveret.
1175 933 1248 999 Hu-

290 1035 402 1100 bertus
410 1036 548 1100 Walteri
557 1036 662 1101 factus
672 1043 721 1101 est
731 1037 985 1121 archiepiscopus
994 1037 1247 1102 Cantuariensis.

291 1138 383 1202 Obiit
394 1139 590 1203 Benedictus
602 1139 700 1204 abbas
712 1139 833 1223 Burgi3
854 1140 907 1204 cui
922 1141 1074 1205 successit
1087 1139 1247 1205 Andreas.

291 1241 463 1306 Saladinus
479 1242 565 1326 apud
579 1242 745 1307 Nazareth
759 1243 845 1307 inter
860 1243 969 1326 epulas
985 1243 1093 1307 subito
1109 1243 1200 1307 obiit.

334 1346 420 1410 An.
445 1347 539 1410 1194.
589 1347 659 1410 Rex
690 1346 848 1411 Ricardus
877 1346 1032 1412 liberatus
1062 1368 1082 1410 a
1111 1367 1248 1426 carcere,

293 1449 436 1513 venitin
457 1448 623 1532 Angliam,
645 1449 847 1533 adoratisque
867 1450 989 1514 sanctis
1010 1449 1196 1514 Cantuariae
1216 1457 1249 1514 et

293 1552 479 1631 Londoniae,
496 1560 610 1616 contra
629 1553 862 1636 conspiratores
883 1559 915 1617 et
936 1553 1105 1637 complices
1125 1553 1147 1616 J
1148 1553 1248 1617 ohan-

291 1657 352 1734 nis,
369 1656 425 1739 qui
446 1677 480 1720 se
501 1656 720 1739 Nottingham
742 1657 950 1736 incluserant,
966 1677 1000 1720 se
1022 1656 1123 1720 movit
1134 1682 1145 1734 3
1167 1656 1248 1720 visa-

293 1780 356 1842 que
370 1780 507 1842 persona
519 1759 615 1842 regis,
630 1758 719 1822 ultra
732 1759 880 1822 resistere
894 1780 963 1823 non
978 1759 1048 1822 ausi
1063 1765 1150 1822 sunt.
1181 1759 1248 1823 Ite-

292 1884 366 1926 rum
384 1861 424 1926 ab
441 1860 592 1926 Huberto
613 1862 849 1945 archiepiscopo
869 1861 1048 1926 bondoniis
1068 1866 1248 1942 coronatur,

293 1972 326 2029 et
350 1965 460 2030 statim
481 1965 518 2029 in
539 1965 777 2029 Normanniam
801 1985 835 2028 se
858 1964 1045 2043 transtulit3
1068 1963 1126 2028 ubi
1149 1965 1248 2050 appll-

293 2069 381 2133 canti
399 2069 500 2132 frater
517 2089 593 2132 suus
614 2068 780 2132 lohannes
801 2068 934 2152 supplex
954 2067 1103 2147 occurrit,
1120 2074 1153 2134 et
1174 2089 1250 2136 cum

175 2233 179 2244 ,
292 2171 432 2236 lacrimis
451 2171 579 2235 veniam
598 2171 841 2235 commissorum
860 2177 984 2254 petens,
1007 2171 1146 2253 gratiose
1167 2170 1249 2236 obti-

293 2275 377 2339 nuit.
424 2273 777 2357 Henricnsimperator
793 2294 932 2356 regnum
946 2273 1075 2357 Apuliae
1095 2273 1155 2337 sibi
1175 2274 1249 2338 sub·

290 2378 379 2462 jecit,
394 2377 503 2460 ibique
522 2376 657 2440 rebelles
677 2383 710 2440 et
730 2377 894 2460 episcopos
909 2376 1003 2440 variis
1017 2376 1122 2460 poenis
1137 2397 1248 2443 excru-

295 2482 393 2560 cians,
416 2479 619 2551 Tancredum
645 2479 749 2544 filiurn
773 2478 941 2559 Tancredi,
965 2501 1040 2544 cum
1063 2479 1251 2562 Margareta

293 2590 396 2648 matre
412 2605 479 2663 sua,
496 2589 529 2648 et
549 2604 625 2666 rege
644 2583 744 2667 Epiri,
760 2583 900 2667 captivos
916 2603 1028 2649 secum
1043 2582 1079 2645 in
1096 2583 1249 2647 Aleman-

293 2686 382 2750 niam
397 2686 500 2751 duxit.

336 2789 421 2853 Aa).
446 2791 541 2853 1195.
594 2791 694 2854 Terra
722 2789 813 2855 ducis
840 2788 984 2855 Austriae
1012 2810 1071 2874 pro
1101 2788 1248 2874 captione

293 2892 378 2976 regis
401 2892 532 2956 Ricardi
555 2915 574 2956 a
596 2892 759 2957 Celestino
780 2914 864 2976 papa
884 2893 1099 2972 interdicitur,
1118 2892 1249 2976 ipseque

294 2995 369 3070 dux,
385 2994 493 3058 divina
507 2994 640 3074 ultione,
653 3017 754 3078 quum
769 2993 805 3058 in
820 2995 871 3059 die
886 2997 991 3060 sancti
1007 2995 1164 3078 Stephani
1178 3016 1248 3078 spa-

293 3097 411 3163 tiatum
434 3097 604 3180 equitaret,
627 3118 728 3180 equus
750 3095 878 3174 nivibus
900 3096 1111 3180 conglobatus
1134 3097 1249 3161 cecidit

296 3219 392 3282 super
414 3200 483 3284 ejus
504 3199 620 3278 femur,
642 3205 675 3262 et
696 3199 744 3262 ita
765 3199 926 3279 contrivit,
942 3206 981 3262 ut
1002 3199 1078 3280 igne
1100 3198 1250 3262 infernali

295 3322 494 3385 percussum,
510 3301 644 3365 consilio
663 3301 862 3365 medicorum
885 3323 904 3364 a
925 3320 1057 3384 corpore
1079 3300 1250 3364 detrunca-

293 3410 345 3468 ret
355 3429 365 3481 ;
389 3409 422 3468 et
443 3424 504 3468 nec
526 3403 571 3467 sic
594 3410 735 3483 sanatus,
752 3423 927 3485 agnoscens
949 3423 1084 3466 manum
1106 3401 1249 3483 Domini,

294 3512 328 3570 et
342 3506 505 3590 poenitens
523 3527 557 3570 se
578 3507 618 3570 de
632 3506 693 3584 his,
710 3527 782 3590 quae
795 3506 831 3569 in
845 3526 956 3590 regem
972 3504 1149 3569 Ricardum
1163 3525 1248 3569 eom-

293 3610 435 3688 miserat,
451 3610 669 3694 absolutisque
687 3609 832 3694 pecuniae
850 3603 988 3673 residuae
1001 3607 1150 3692 Anglicis
1165 3608 1249 3673 obsi·

294 3712 399 3793 dibus,
415 3707 505 3781 obiit.
550 3713 777 3778 Miramolinus
798 3734 854 3778 rex
876 3713 1079 3790 Maurorum,
1094 3733 1169 3776 cum
1191 3712 1248 3776 tri·

295 3816 388 3900 ginta
407 3817 528 3900 regulis
543 3838 580 3882 ex
596 3817 714 3896 Africa,
731 3815 845 3897 Libya,
861 3823 894 3881 et
909 3816 1063 3901 AEgypto,
1079 3816 1114 3879 in
1130 3813 1248 3899 Hispa-

293 3919 382 3984 niam
402 3921 491 3984 venit
500 3946 509 3999 3
531 3921 727 4004 fixeruntque
746 3921 782 3984 in
802 3920 944 3986 exercitu
964 3942 1031 4000 suo,
1046 3927 1085 3984 ut
1101 3939 1248 4003 proceres

295 4023 464 4107 Hispaniae
487 4024 681 4108 scripserunt
702 4024 907 4089 cisterciensi
930 4023 1071 4108 capitulo
1094 4022 1249 4104 generali,

294 4148 350 4191 sex
365 4127 469 4192 decies
484 4135 616 4193 centum
630 4127 731 4192 millia
744 4126 932 4206 hominum3
953 4126 1010 4211 qui
1023 4125 1133 4211 paucis
1154 4125 1247 4188 annis

294 4237 448 4310 moratus,
463 4231 597 4295 tandem
612 4231 763 4296 confusus
778 4231 883 4295 rediit.
