3216 5104
623 589 913 633 rnrmnunonusn.
1182 571 1244 635 127

291 707 413 792 positis,
428 707 535 771 locum
551 702 727 770 obsidendo
746 706 874 770 vallavit
883 732 892 784 3
916 705 1073 769 machinis
1094 725 1171 789 ergo
1190 727 1245 789 pe·

291 810 399 874 trariis
415 809 455 873 de
469 809 575 892 longe,
588 808 628 871 de
643 830 741 892 prope
756 829 830 873 vero
845 807 957 871 suibus
973 829 1071 890 aquas
1086 807 1245 872 fossarum

292 912 553 995 emungentibus‚
574 912 689 977 deinde
712 912 864 977 arietibus
886 931 995 974 muros
1016 911 1245 994 quatientibus,

291 1023 485 1082 nontamen
501 1016 569 1080 sine
585 1016 670 1081 caede
686 1036 817 1080 suorum
833 1022 865 1079 ct
879 1020 1070 1098 magnatum
1089 1015 1246 1098 sanguine

292 1122 406 1198 multo,
425 1119 466 1184 ad
486 1126 667 1183 extremum
687 1123 876 1203 perventum
896 1125 966 1196 est3
990 1117 1118 1196 obsessi,
1135 1139 1246 1201 quam·

227 1243 232 1250 ·
292 1223 339 1287 vis
362 1223 465 1302 inviti,
488 1223 621 1287 tandem
644 1243 677 1286 se
701 1221 880 1286 dederunt:
904 1242 960 1285 rex
982 1243 1056 1285 vero
1078 1242 1190 1284 omnes
1213 1221 1248 1284 in

293 1332 397 1391 castro
412 1334 554 1410 repertos
569 1326 637 1390 vita
650 1325 804 1409 privavit3
828 1325 993 1407 octoginta
1014 1325 1101 1388 enim
1116 1324 1151 1387 in
1166 1323 1247 1408 pati-

293 1428 371 1493 bulo
395 1435 471 1492 sunt
494 1427 649 1511 suspensi.
695 1429 786 1492 Uxor
812 1427 889 1491 dicti
911 1427 1070 1491 Falchusii
1096 1426 1248 1490 custodiae

294 1533 509 1596 committitur
522 1526 632 1596 comiti
647 1533 841 1609 Warennae3
864 1536 1005 1595 castrum
1021 1529 1166 1593 dirutum
1181 1530 1248 1594 solo

294 1643 487 1720 coaequatur.
541 1638 618 1720 Ipse
641 1635 827 1701 Falchasius
858 1633 985 1719 abjurat
1009 1640 1139 1712 terram,
1153 1654 1247 1724 *nun-

293 1761 391 1824 quam
411 1740 574 1804 rediturus
596 1739 631 1802 in
654 1739 743 1802 illam
752 1765 762 1818 5
786 1738 851 1821 qui,
867 1759 968 1821 quum
990 1737 1076 1820 apud
1095 1738 1247 1820 Fescamp

294 1842 478 1925 applicaret,
491 1840 537 1904 ibi
551 1845 674 1922 captus,
687 1847 720 1903 et
736 1839 777 1902 ad
791 1860 901 1921 regem
913 1839 1114 1904 Ludovicum
1130 1838 1247 1902 adduc-

222 2011 224 2014 .
294 1952 358 2024 tus,
378 1944 596 2009 incarceratur
620 1941 706 2027 apud
731 1942 975 2025 compendium,
999 1963 1059 2005 nec
1083 1942 1248 2005 absolutus

294 2047 357 2111 nisi
376 2045 643 2130 permundatum
662 2045 872 2128 apostolicum
891 2044 961 2127 regi
980 2045 1123 2108 Franciae
1141 2044 1248 2108 Ludo-

293 2152 363 2215 vico
383 2172 441 2233 pro
464 2171 502 2214 eo
523 2149 691 2213 directum.
738 2149 779 2211 In
799 2148 855 2211 illa
875 2147 1040 2212 obsidione
1062 2169 1249 2211 concessum

294 2255 358 2318 fuit
379 2254 418 2318 ab
441 2253 530 2318 omni
551 2254 635 2317 clero
656 2259 688 2316 et
708 2253 836 2336 populo,
858 2251 989 2316 domino
1008 2253 1087 2334 regi,
1102 2251 1249 2315 videlicet

297 2357 337 2420 de
352 2356 488 2439 singulis
504 2356 627 2446 carneis
642 2357 863 2439 episcoporum
882 2361 915 2418 ct
931 2354 1086 2418 abbatum
1104 2353 1138 2416 in
1156 2354 1249 2418 baro·

297 2463 362 2541 nia,
378 2461 526 2525 similiter
545 2467 578 2523 et
596 2459 766 2524 hominum
781 2480 923 2534 suorum,
939 2457 1108 2521 dimidium
1124 2478 1248 2534 marcae,

296 2573 329 2630 et
345 2587 364 2629 a
379 2564 515 2647 singulis
526 2563 649 2627 carneis
660 2563 805 2626 omnium
820 2583 888 2626 nou
902 2561 1084 2625 tenentium
1099 2561 1135 2625 iu
1150 2562 1249 2625 Baro-

296 2669 360 2747 nia‚
378 2675 410 2732 ct
425 2653 595 2731 liominum
616 2687 758 2744 suorum,
780 2665 845 2729 duo
864 2665 957 2729 solidi
977 2657 1141 2729 darentur.
1187 2666 1249 2729 Eo·

296 2772 370 2837 dem
385 2793 481 2849 anno,
499 2771 528 2834 Ο
545 2770 635 2834 dolor
650 2777 682 2834 et
696 2770 867 2853 plusquam
882 2769 990 2833 dolor!
1023 2769 1053 2832 Ο
1068 2769 1165 2852 pestis
1181 2777 1249 2833 tru-

294 2876 433 2954 culenta,
448 2875 563 2938 fratres
577 2874 717 2938 minores
733 2879 892 2937 venerunt
906 2873 941 2937 in
958 2871 1122 2955 Angliam.

339 2981 425 3044 A.D.
437 2981 532 3043 1225.
564 2979 607 3041 In
622 2977 755 3042 concilio
770 2977 856 3061 apud
871 2976 1074 3040 Londoniam
1090 2997 1146 3040 rex
1158 2975 1249 3040 Hen-

295 3083 380 3148 ricus
395 3081 551 3146 concessit
571 3081 747 3159 libertates,
762 3087 831 3144 tam
846 3080 986 3145 ecclesiae
1001 3100 1098 3161 quam
1112 3080 1214 3162 regni,
1232 3102 1251 3142 a

295 3185 431 3264 forestis,
455 3185 538 3249 sicut
560 3184 681 3248 chartae
710 3206 775 3248 suae
800 3183 876 3246 inde
899 3182 1052 3247 confectae
1077 3188 1248 3246 testantur.

296 3289 383 3353 Item
402 3289 438 3352 in
458 3286 570 3352 eodem
589 3287 733 3365 concilio,
748 3307 807 3370 pro
823 3285 1049 3370 praedictarum
1063 3284 1250 3349 libertatum

297 3393 511 3472 concessione,
524 3392 638 3475 quinta
653 3391 777 3456 decima
792 3390 922 3455 domino
937 3390 1006 3473 regi
1022 3389 1167 3453 omnium
1183 3411 1250 3453 mo-

296 3496 421 3575 bilium,
452 3495 492 3560 de
517 3495 682 3559 communi
712 3516 853 3573 assensu,
883 3515 940 3577 per
969 3500 1072 3558 totam
1097 3493 1251 3576 Angliam

298 3620 449 3664 concessa
468 3606 536 3677 est,
559 3585 699 3682 exceptis
720 3597 760 3662 de
781 3597 981 3681 equitaturis,
1004 3603 1037 3661 et
1060 3596 1250 3676 carectariis,

298 3702 405 3781 armis,
427 3701 593 3785 granariis,
614 3701 706 3780 vasis,
727 3700 929 3780 utensilibus,
949 3700 1119 3784 lapidibus,
1139 3700 1250 3785 jocali·

296 3804 368 3884 bus,
384 3812 417 3868 et
436 3804 525 3868 libris
545 3805 742 3884 clericorum,
759 3811 791 3869 et
807 3804 1005 3867 ornamentis
1025 3804 1248 3868 ecclesiarum:

298 3921 330 3973 et
345 3909 385 3972 ad
400 3909 485 3973 hanc
501 3909 737 3994 quindecimam
756 3909 896 3973 fideliter
913 3907 1155 3991 persolvendam
1170 3908 1250 3972 obli·

298 4013 366 4095 gati
386 4019 473 4091 sunt,
494 4035 551 4098 per
572 4013 767 4076 sententiam
787 4011 1136 4090 excommunicationis,
1152 4011 1250 4076 totius

297 4115 390 4198 regni
409 4123 544 4200 uterque
564 4137 668 4192 sexus,
684 4123 897 4199 praeterquam
917 4116 957 4179 dc
975 4115 1086 4179 ordine
1101 4115 1250 4179 Cisterci-

298 4220 434 4298 ensium,
450 4219 816 4298 Praemonstratensium,
832 4220 1086 4304 Templariorum
1109 4225 1141 4281 et
1165 4219 1249 4282 Hos-
