3212 5102
601 621 891 665 rsrarnuaennsn.
1160 607 1223 669 119

270 733 360 812 Julii,
376 734 449 796 viris
464 733 620 817 religiosis
638 755 705 799 non
722 735 807 800 facta
825 736 1030 801 restitutione
1044 737 1224 817 bonorum3

270 837 450 900 Pandulfus
465 836 549 920 regis
564 839 661 902 nutui
675 845 743 902 tam
758 839 895 904 favebat.

313 941 397 1003 A.D.
412 941 507 1004 1215.
537 939 697 1004 Dominus
712 961 803 1025 papa,
819 963 876 1025 pro
892 941 998 1007 Terrae
1013 950 1134 1008 sanotae
1149 943 1223 1010 sub-

268 1043 429 1122 ventione,
445 1049 478 1106 et
493 1042 650 1107 universae
670 1044 810 1108 ecclesiae
830 1045 893 1109 Dei
912 1045 1100 1129 provisione,
1117 1046 1223 1111 decre-

268 1145 315 1209 vit
341 1146 489 1228 generale
512 1145 684 1209 concilium
709 1146 821 1210 Romae
848 1147 1031 1230 agendum:
1064 1170 1162 1232 quare
1188 1149 1224 1213 in

269 1269 398 1313 omnem
418 1256 538 1313 terram
559 1247 817 1312 Christianorum
832 1250 945 1316 statuit
961 1252 1044 1315 viros
1060 1253 1189 1316 virtutis
1204 1274 1224 1315 a

268 1351 368 1416 latere
389 1372 447 1414 suo
466 1350 733 1415 transmittendos
742 1377 752 1429 ;
775 1352 861 1416 unde
882 1352 916 1416 in
931 1354 1085 1436 Angliam
1105 1354 1223 1418 missus

270 1459 319 1517 est
347 1453 501 1517 Nicolaus
531 1453 705 1517 Tusculani
735 1454 910 1542 episcopus,
941 1456 1066 1538 legatus
1102 1456 1223 1520 domini

269 1577 369 1639 papae,
393 1563 431 1619 nt
460 1557 496 1619 in
525 1557 594 1640 ejus
623 1557 796 1638 praesentia
824 1579 880 1621 rex
908 1559 1111 1641 promissum,
1137 1560 1224 1642 quod

270 1665 390 1722 sauctae
412 1659 552 1723 ecclesiae
572 1658 702 1736 fecerat,
726 1659 915 1743 adimpleret
926 1687 936 1738 ;
960 1661 1045 1743 quod
1067 1668 1100 1726 et
1124 1663 1221 1726 fecit:

268 1782 345 1824 nam
366 1762 395 1825 ei
415 1762 483 1826 vice
505 1762 627 1825 domini
648 1783 739 1846 papae
761 1762 942 1826 hominium
965 1764 1041 1828 fecit
1063 1772 1096 1828 et
1119 1765 1222 1847 ligan-

269 1864 358 1942 tiam,
385 1865 465 1927 dans
492 1865 637 1928 chartam
663 1886 755 1928 suam
781 1886 859 1929 auro
885 1866 1051 1945 bullatam,
1077 1874 1109 1931 et
1135 1868 1223 1932 mille

269 1988 392 2030 marcas
415 1968 550 2048 argenti,
572 1967 607 2030 in
630 1967 838 2051 subjectionis
861 1967 1001 2050 signum,
1022 1976 1056 2033 et
1077 1991 1223 2033 annuum

269 2091 410 2150 censum,
438 2091 534 2154 quem
559 2071 589 2135 ei
615 2070 784 2134 annuatim
813 2073 1012 2154 promiserat,
1042 2073 1224 2156 persolven-

270 2174 357 2238 dum.
403 2174 561 2257 Deposuit
578 2174 705 2254 legatus
722 2173 784 2238 iste
804 2173 955 2239 abbatem
969 2176 1222 2240 Westmonaste-

269 2277 320 2356 rii,
338 2283 372 2342 et
392 2277 536 2362 praefecit
549 2277 751 2341 Willelmum
765 2277 903 2360 priorem
919 2278 1113 2342 Frontoniae.
1157 2278 1223 2343 De-

269 2379 376 2462 posuit
412 2378 511 2443 etiam
541 2379 715 2462 Rogarem,
746 2377 867 2442 nullius
896 2377 1083 2442 monasterii
1111 2399 1223 2443 mona-

270 2481 378 2562 chum,
401 2482 552 2546 abbatem
574 2481 748 2565 pessimum
772 2481 812 2545 de
833 2480 1002 2560 Evesham,
1025 2487 1058 2546 et
1080 2481 1223 2564 praefecit

271 2585 342 2650 loco
369 2587 437 2670 ejus
464 2586 643 2650 Ranulfum
668 2584 806 2668 priorem
829 2583 1007 2668 Wigorniae
1018 2611 1027 2663 3
1059 2586 1224 2668 Rogerum

270 2688 310 2752 de
328 2689 433 2772 priore
453 2687 493 2752 de
514 2686 691 2752 Chirebure
711 2685 854 2769 praefecit
869 2687 1045 2764 Burtoniae,
1062 2691 1095 2750 et
1112 2686 1222 2750 Ricar-

270 2794 348 2858 dum
363 2794 513 2859 abbatem
534 2794 575 2858 de
596 2794 694 2876 Selby
714 2791 857 2876 praefecit
872 2792 1048 2876 Ramesey:
1072 2790 1223 2856 abbatem

268 2918 344 2963 vero
365 2898 404 2962 de
425 2897 595 2981 Bardeney
609 2917 643 2960 se
664 2895 763 2978 gratis
784 2895 1003 2959 dimittentem
1018 2894 1174 2977 deposuit,
1189 2900 1224 2958 et

269 3000 403 3065 Petrum
429 2999 578 3083 priorem,
601 2997 767 3062 hominem
790 2997 974 3079 pessimum,
998 2996 1038 3059 de
1065 2996 1222 3075 Lentone,

268 3101 339 3166 loco
358 3101 418 3165 viri
438 3100 551 3183 optimi
572 3099 746 3163 collocavit.
794 3099 866 3162 Hoc
886 3105 1030 3181 tempore
1050 3118 1106 3160 rex
1125 3098 1223 3160 Arra-

270 3203 375 3287 goniae
405 3209 534 3267 vocatus
565 3201 605 3266 ab
633 3201 792 3266 haereticis
829 3206 943 3264 contra
980 3200 1145 3263 Simonem
1183 3199 1223 3265 de

269 3306 442 3384 Montfort,
458 3304 513 3388 qui
532 3310 601 3368 erat
622 3302 688 3366 dux
708 3302 865 3366 exercitus
881 3301 1015 3366 Domini
1030 3307 1143 3365 contra
1157 3301 1222 3366 hae-

268 3409 395 3488 reticos,
410 3430 429 3472 a
444 3427 538 3472 cruce
553 3406 698 3490 signatis,
715 3406 751 3468 in
771 3405 855 3469 bello
874 3426 950 3468 cum
968 3403 1080 3468 multis
1100 3405 1222 3470 occisus

269 3517 329 3576 est.
374 3512 487 3575 Romae
508 3509 680 3574 concilium
702 3507 919 3572 Lateranense
942 3506 1120 3570 secundum
1141 3506 1222 3572 cele-

268 3613 398 3679 bratum
424 3619 484 3693 est,
510 3613 567 3679 nbi
593 3612 731 3696 episcopi
761 3610 1000 3694 quadringenti,
1027 3609 1159 3674 abbates
1188 3616 1222 3674 et

269 3717 390 3801 priores
413 3715 592 3799 octingenti
614 3721 648 3779 et
671 3714 767 3793 ultra,
791 3719 1035 3796 procuratorum
1060 3733 1127 3776 non
1152 3719 1222 3777 erat

269 3839 435 3884 numerus.
488 3819 615 3883 Iterum
641 3815 800 3881 discordia
828 3822 899 3880 orta
928 3821 977 3878 est
1002 3815 1222 3898 interregem

270 3921 454 3986 Johannem
475 3926 508 3984 et
527 3940 673 4004 proceres
692 3919 794 4002 regni,
815 3939 874 4002 pro
894 3917 1039 4000 scutagio
1057 3939 1076 3981 a
1091 3917 1221 4001 quibus-

270 4025 345 4092 dam
359 4031 488 4108 negato.

310 4128 396 4192 A.D.
414 4127 509 4192 1216.
552 4126 673 4190 Contra
687 4145 796 4208 regem
812 4123 941 4188 stabant
956 4120 1089 4186 viriliter
1105 4122 1222 4186 Galfri-

236 4284 240 4289 ,
269 4229 331 4293 dus
356 4229 396 4294 de
423 4228 622 4294 Mandavilla
645 4247 750 4291 eomes
777 4225 926 4305 Essexiae,
954 4225 1069 4290 Saerus
1094 4223 1223 4309 Quincy
