3212 5102
630 621 919 666 rurareoaonasn.
1185 607 1248 669 159

301 740 441 805 nistrum
463 739 532 824 ejus
554 739 752 824 praedictum,
775 747 809 805 et
832 739 1043 805 Columninos
1065 760 1186 821 omnes,
1209 741 1251 806 de

300 844 470 924 violentiis,
486 844 635 929 angariis,
649 851 684 909 ’11
700 843 827 929 injuriis
849 844 1006 910 universis
1026 840 1251 930 praedecessori

302 969 360 1013 suo
373 947 481 1026 illatis,
498 953 663 1030 gratanter
677 946 822 1011 absolvit.

344 1050 430 1114 A.D.
448 1053 543 1114 1304.
582 1049 697 1134 Captio
712 1049 835 1114 castelli
850 1049 889 1114 de
906 1048 1067 1114 strivelin.
1107 1048 1250 1134 Deputa·

301 1152 410 1236 vitque
437 1151 586 1217 dominus
611 1173 669 1216 rex
692 1152 831 1236 Angliae,
857 1171 915 1237 per
939 1151 1042 1217 varios
1068 1153 1250 1232 comitatus,

302 1254 498 1318 Justitiarios
519 1254 561 1318 ad
579 1254 811 1338 inquirendum
831 1253 1012 1338 specialiter
1029 1253 1070 1320 do
1083 1253 1251 1338 perturba·

301 1357 426 1422 toribus
439 1357 546 1441 pacis:
569 1379 641 1441 quae
655 1357 822 1442 inquisitio
834 1357 920 1422 dicta
931 1365 979 1421 est
990 1357 1250 1442 'Praylebastona

302 1460 393 1524 Obiit
407 1459 605 1524 Benedictus
619 1481 715 1543 papa;
739 1460 792 1524 cui
803 1459 955 1525 successit
967 1477 1006 1524 ex
1017 1459 1252 1544 archiepiscopo

222 1629 225 1634 ,
302 1562 535 1646 Burdegalensi
550 1563 701 1627 Clemens
715 1563 757 1626 V.

344 1666 429 1730 A.D.
448 1667 543 1729 1305.
580 1665 708 1748 Incepit
733 1685 870 1748 regnum
898 1661 1033 1729 Roberti
1056 1665 1140 1728 Brus
1166 1664 1252 1748 regis

304 1769 484 1848 Scotorum,
501 1767 556 1852 qui
575 1768 686 1832 statim
705 1774 745 1832 ut
764 1774 936 1832 coronatus
956 1773 1015 1847 est,
1036 1767 1121 1852 cepit
1139 1775 1253 1845 contra

301 1893 412 1955 regem
425 1871 607 1954 Anglorum
623 1870 789 1935 rebellare.

345 1975 432 2039 An.
450 1975 545 2039 1306.
583 1975 744 2038 Dominus
755 1995 812 2038 rex
822 1974 1010 2054 Edwardus,
1021 1974 1099 2038 dum
1110 1981 1252 2040 moveret

302 2077 538 2161 expeditionem
551 2076 700 2142 bellicam
715 2078 750 2160 in
767 2077 918 2156 Scotiam,
933 2078 1019 2161 apud
1033 2077 1196 2142 abbatiam
1212 2079 1252 2143 de

303 2180 424 2244 Holmo
439 2180 560 2244 ordinis
575 2181 794 2246 cisterciensis
809 2181 844 2244 in
860 2182 999 2246 confinio
1021 2182 1138 2246 Scotiae
1152 2181 1251 2262 obiit;

302 2282 359 2346 ubi
372 2283 494 2348 viscera
508 2305 568 2348 sua
582 2284 709 2368 sepulta
723 2292 799 2348 sunt
807 2310 817 2364 3
840 2306 955 2368 corpus
973 2307 1047 2349 vero
1065 2285 1251 2350 Londonias

303 2384 456 2464 delatum,
472 2386 559 2470 apud
573 2387 898 2452 Westmonasterium
917 2387 1091 2462 honorilice
1111 2389 1252 2452 tumula-

301 2493 374 2552 tum
391 2493 450 2553 est.
497 2487 656 2554 Successit
675 2490 854 2556 Edwardus
869 2491 916 2571 II,
935 2491 1021 2555 filius
1042 2490 1121 2575 ejus,
1146 2491 1251 2557 dictus

302 2590 342 2656 da
357 2592 550 2656 Carnarvan.

344 2695 429 2759 A.D.
446 2697 542 2761 1307.
579 2695 755 2761 Edwardus
770 2697 809 2760 II
824 2695 1002 2761 Londoniae
1016 2701 1197 2762 coronatur.

345 2799 431 2865 A.D.
448 2802 543 2864 1308.
581 2800 763 2885 Templarii,
775 2801 834 2864 viri
847 2801 997 2885 religiosi,
1010 2822 1047 2866 ac
1061 2801 1097 2864 in
1108 2801 1250 2878 ecclesia,

302 2902 391 2968 etin
412 2923 528 2986 regum
549 2908 583 2967 et
605 2905 742 2968 aliorum
763 2911 955 2987 magnatum
977 2905 1074 2968 curiis
1095 2903 1250 2988 potentis-

303 3003 385 3083 simi,
409 3004 451 3068 ad
472 3005 696 3069 executionem
717 3005 859 3089 Philippi
881 3006 966 3088 regis
987 3005 1131 3069 Franciae
1154 3005 1252 3069 deleti
1363 3007 1367 3013 “

302 3113 389 3184 sunt,
405 3112 438 3169 et
452 3126 510 3189 per
524 3107 679 3189 Angliam
689 3107 889 3191 hospitalarii
902 3108 938 3170 in
951 3106 1166 3191 possessiones
1180 3106 1250 3170 illo·

301 3227 376 3271 rum
389 3208 603 3272 intraverunt.

344 3307 430 3374 Aa).
448 3312 543 3374 1309.
582 3309 674 3375 Obiit
694 3309 825 3375 domina
845 3309 1033 3394 Margareta
1052 3309 1249 3392 Longespee,

301 3411 465 3476 comitissa
478 3411 665 3492 Linoolniae,
681 3418 714 3477 11
730 3411 855 3495 sepulta
869 3417 918 3475 est
934 3410 1020 3494 apud
1034 3409 1155 3474 Lacok.

344 3514 430 3578 An.
448 3517 544 3579 1310.
582 3514 672 3579 Obiit
687 3514 835 3579 dominus
853 3513 1016 3578 Henricus
1031 3512 1129 3594 Lacy,
1145 3531 1251 3575 comes

302 3615 491 3697 lincolniae,
508 3622 541 3682 et
563 3617 740 3682 Londoniae
763 3616 849 3701 apud
871 3621 1020 3681 sanctum
1042 3615 1181 3680 Perdam
1201 3621 1251 3678 est

300 3719 464 3785 humatus.

343 3823 541 3888 A.D.1312.
579 3823 740 3888 Dominus
755 3823 872 3888 Petrus
893 3822 933 3887 de
954 3821 1128 3901 Gaveston,
1143 3841 1249 3885 comes

301 3926 483 4006 Comubiae,
493 3934 605 4010 captus
617 3933 665 3992 111
680 3948 738 4012 per
747 3946 894 4011 proceres
905 3925 999 4008 regni
1010 3925 1096 4009 apud
1107 3923 1249 4005 Bading-

300 4033 359 4092 ton
370 4029 467 4113 juxta
480 4030 685 4110 Warwieum,
701 4037 734 4094 11
749 4031 821 4094 neci
840 4028 997 4094 traditus:
1020 4027 1151 4092 initium
1165 4025 1249 4088 mul-

298 4135 409 4196 torum
431 4133 591 4197 malorum
614 4134 801 4198 futurorum
823 4133 896 4197 fuit.
940 4131 1050 4196 Natus
1076 4135 1125 4193 111
1150 4128 1250 4192 etiam

299 4233 476 4301 Edwardus
506 4237 574 4316 III,
599 4237 834 4320 primogenitus
864 4235 949 4319 regis
977 4231 1136 4310 Edwardi,
1163 4229 1249 4314 apud
1378 4329 1379 4332 Ἴ
