3216 5104
410 659 474 726 134
712 679 909 725 onuouroon
927 680 1061 732 suumn

408 803 548 878 metm,
559 799 608 863 vel
623 798 707 863 forte
722 798 878 882 quianon
892 803 1023 882 rogatus
1038 797 1134 878 solus,
1146 817 1222 862 oum
1236 797 1361 862 caeteris

407 923 474 966 non
489 900 628 967 advenit.
676 901 802 966 Aoeidit
819 908 942 981 autem,
956 900 1120 985 quondm
1136 901 1290 985 juvenem
1310 921 1361 965 oo-

407 1025 478 1068 ram
492 1005 642 1070 omnibus
656 1005 757 1070 ooeidi
766 1031 776 1084 3
800 1004 887 1089 quod
904 1004 973 1088 ipse
994 1004 1138 1084 audiens,
1154 1004 1226 1068 Deo
1242 1003 1362 1087 gratias

408 1108 484 1191 agit,
498 1107 583 1191 quod
598 1129 674 1172 eum
688 1108 785 1172 morti
799 1108 936 1172 funestae
951 1107 1056 1172 noluit
1071 1107 1237 1172 interesse.
1283 1107 1362 1170 Om-

408 1231 466 1275 nes
480 1211 690 1275 Edmundum
708 1212 878 1291 mirantur,
895 1211 981 1296 quod
1000 1210 1062 1275 fuit
1083 1210 1208 1275 absens.
1254 1209 1365 1274 Ricar-

408 1313 469 1378 dus
491 1314 589 1379 etiam
611 1315 825 1395 Mariscallus,
842 1338 943 1400 quum
965 1315 1161 1382 Hiberniam
1183 1315 1311 1396 adisset,
1332 1322 1365 1381 et

408 1437 467 1481 sua
487 1416 652 1482 defensare
672 1418 768 1482 armis
788 1418 990 1499 decrevisset,
1007 1418 1114 1485 subito
1134 1440 1236 1502 quum
1251 1424 1365 1483 eontra

408 1520 532 1604 regales
554 1520 655 1585 aciem
677 1520 896 1605 disposuisset,
918 1543 937 1586 a
957 1521 1023 1586 suis
1044 1521 1200 1600 desertus,
1216 1521 1258 1585 ad
1279 1542 1364 1586 mor-

405 1629 474 1688 tem
489 1643 588 1690 oaesus
603 1629 652 1689 est
660 1649 671 1703 3
693 1624 746 1690 eui
765 1624 918 1689 successit
937 1624 973 1688 in
993 1624 1193 1704 comitatum,
1213 1624 1269 1688 sed
1290 1631 1363 1709 post

406 1728 543 1792 multam
566 1726 797 1808 difficultatem,
821 1728 922 1794 frater
945 1729 1014 1814 ejus
1038 1727 1216 1793 Gilbertus.
1261 1730 1363 1794 Inno-

406 1832 531 1897 centius
554 1832 614 1897 IV.
633 1833 802 1897 confirmat
825 1833 972 1897 ordinem
993 1831 1132 1896 fratrum
1154 1831 1362 1896 eremitarum

406 1933 510 1997 saneti
523 1933 710 2017 Augustini,
726 1932 807 1998 dans
822 1934 868 1998 eis
882 1934 1029 2018 regulam
1047 1934 1214 2017 nigrorum
1229 1935 1362 1999 eanoni-

405 2057 526 2101 eomm.

448 2139 533 2203 A.D.
560 2140 654 2203 1285.
711 2139 874 2204 Henrieus
899 2161 956 2204 rex
971 2139 1074 2204 -dedit
1099 2159 1240 2205 sororem
1269 2161 1361 2204 suam

406 2241 578 2306 Isabellam
592 2241 761 2308 Frederieo
782 2244 1003 2307 Romanorum
1022 2243 1208 2326 imperatori
1226 2244 1263 2308 in
1283 2263 1362 2308 uxo-

405 2365 490 2409 rem:
513 2345 581 2429 ipse
600 2367 675 2412 vero
694 2347 795 2411 filiam
813 2347 939 2412 comitis
959 2347 1146 2426 Provinciae,
1164 2347 1361 2426 Elianoram,

405 2447 468 2512 sibi
488 2448 660 2533 assumpsit
681 2450 717 2514 in
735 2469 878 2529 uxorem,
895 2469 1037 2513 sororem
1056 2449 1178 2532 reginae
1197 2449 1360 2522 Francioe3

404 2551 597 2635 tertiamque
612 2572 753 2617 sororem
767 2551 860 2616 duxit
875 2551 1019 2631 Carolus,
1035 2556 1147 2635 postea
1160 2571 1217 2614 rex
1235 2550 1362 2631 sicilie,

404 2654 504 2719 frater
524 2655 678 2720 Ludoviei
699 2655 794 2738 regis,
815 2661 849 2719 et
871 2675 1007 2739 proavus
1032 2653 1168 2719 Roberti
1190 2644 1362 2738 regis,'qui

403 2757 520 2822 ultimo
533 2757 690 2841 regnavit.
735 2758 803 2823 Iste
820 2779 926 2823 comes
946 2757 1123 2822 Provineiae
1142 2777 1255 2821 carens
1274 2777 1359 2821 mas-

404 2859 477 2925 culo
499 2860 635 2940 haerede,
656 2860 762 2926 divisit
785 2866 889 2926 terras
911 2881 985 2925 suas
1007 2860 1079 2924 istis
1101 2859 1206 2925 tribus
1229 2859 1357 2924 filiabus

404 2963 488 3042 suis3
509 2963 531 3027 i.
548 2984 576 3028 e.
600 2962 718 3029 seniori
740 2963 815 3028 filiae
840 2985 916 3043 suae,
935 2963 1057 3047 reginae
1082 2963 1236 3042 Francia,
1258 2970 1360 3026 terras

404 3085 478 3130 suas
502 3066 548 3130 eis
573 3067 763 3151 imperium,
796 3066 1065 3150 Arinionemque,
1089 3087 1165 3131 oum
1192 3065 1359 3149 adjacente

402 3170 574 3253 provincia,
591 3170 740 3236 secundae
758 3169 841 3250 filiae,
862 3169 983 3253 reginae
996 3169 1126 3252 Angliae
1134 3194 1144 3247 3
1166 3169 1271 3234 tertiae
1286 3189 1361 3234 vero

402 3273 478 3338 filiae
500 3273 590 3338 dedit
612 3279 714 3338 terras
739 3272 926 3357 superiores,
951 3272 1045 3336 uxori
1070 3271 1178 3336 Caroli
1206 3271 1362 3356 praedicti.

404 3375 504 3460 Hugo
527 3376 708 3456 Wellensis,
733 3376 899 3460 episeopus
919 3374 1167 3453 Lineolniensis,
1187 3373 1285 3453 obiit3
1308 3373 1361 3439 eui

403 3479 555 3544 suecessit
569 3480 723 3562 magister
737 3479 899 3544 Robertus
916 3478 955 3542 de
971 3479 1167 3543 Grossetete.

445 3582 534 3647 A.D.
552 3584 645 3648 1236.
686 3582 865 3647 Proedietus
879 3582 1033 3666 magister
1048 3580 1211 3646 Robertus
1228 3579 1361 3645 Grosse-

401 3689 469 3749 tete
487 3685 524 3748 in
543 3686 727 3770 episcopum
749 3685 1010 3751 Linoolniensem
1030 3690 1245 3750 eonseeratur.
1290 3684 1361 3749 Iste

401 3787 525 3851 eratin
544 3788 694 3855 omnibus
714 3795 838 3874 septem
857 3789 980 3855 artibus
999 3788 1185 3854 liberalibus
1208 3787 1358 3852 eruditis-

403 3911 513 3954 umus.

443 3994 528 4058 Am.
547 3995 641 4060 1237.
680 3995 778 4076 Otho,
793 3995 963 4062 cardinalis
980 3997 1118 4080 legatus,
1133 3995 1274 4060 venitin
1288 3996 1359 4059 An-

400 4097 508 4183 gliam,
521 4105 554 4164 et
569 4097 739 4164 celebravit
754 4100 926 4166 concilium
937 4100 1116 4166 Londoniae
1126 4099 1161 4162 in
1177 4097 1357 4164 cathedrali

402 4203 535 4268 eeclesia
554 4204 657 4268 saneti
676 4203 779 4269 Pauli.
825 4205 932 4270 Ruina
949 4205 1091 4270 eeclesiae
1111 4201 1358 4280 Linoolniensis,

401 4312 532 4391 propter
546 4307 671 4374 artificii
690 4308 905 4375 insolentiam.
951 4310 1039 4374 Item
1059 4315 1175 4392 quarto
1198 4327 1360 4372 nonarum
