3216 5104
608 674 612 682 ’
646 676 936 721 rurnmuncnusa.
1208 655 1269 719 105

314 792 495 874 Rotomago
517 792 662 876 sepultus
681 798 740 857 est.
786 793 974 875 Margareta
995 811 1076 854 uxor
1097 789 1167 874 ejus
1189 789 1286 855 Belo·

311 893 382 976 regi
409 891 653 977 Hungariorum
682 900 795 978 postea
823 893 944 978 nupsit.
1001 893 1127 956 Floruit
1152 892 1271 957 Petrus

314 994 493 1059 Comestor.

357 1097 442 1161 AJ).
461 1100 556 1161 1183.
595 1097 685 1162 Obiit
706 1099 860 1198 Ricardus
878 1098 1131 1182 archiepiscopus
1147 1098 1270 1162 Cantu-

314 1201 466 1278 ariensi13
490 1201 543 1263 cui
557 1202 711 1265 successit
726 1201 879 1285 magister
893 1201 1089 1280 Baldwinus,
1106 1200 1270 1284 quondam

316 1303 562 1368 archidiaconus
578 1304 758 1385 Wellensis,
775 1305 892 1369 deinde
911 1306 1088 1370 monachus
1108 1305 1271 1388 abbasque

312 1408 493 1486 Fordensis‚
525 1408 641 1472 deinde
672 1409 838 1493 episcopus
866 1408 1102 1492 wigornensis,
1133 1407 1267 1474 tandem

314 1513 571 1597 archiepiscopus
594 1513 844 1578 cantuariensis.
891 1513 1063 1576 Saladinus
1084 1533 1141 1576 rex
1162 1511 1269 1596 Baby·

314 1613 397 1678 lonis
411 1613 547 1678 vastavit
567 1614 700 1678 Terram
717 1615 881 1694 Sanctam,
896 1635 957 1678 neo
977 1621 1046 1678 erat
1067 1614 1123 1698 qui
1142 1614 1270 1678 resiste·

313 1722 374 1795 ret,
391 1715 466 1798 quia
480 1715 666 1779 Baldwinus
684 1735 740 1779 rex
758 1716 939 1780 Jerusalem
958 1716 1106 1779 infirmus
1126 1720 1159 1779 et
1179 1736 1271 1799 para·

314 1819 431 1902 lytious
442 1818 571 1901 jacebat
579 1844 589 1896 3
613 1819 678 1903 qui,
694 1819 776 1883 inito
791 1819 923 1884 consilio
938 1840 1013 1883 cum
1027 1819 1215 1903 Templariis
1237 1826 1270 1884 et

315 1920 552 2005 Hospitalariis,
565 1922 652 1986 misit
667 1943 725 2006 per
738 1923 861 2005 legatos
877 1922 919 1986 ad
932 1943 1042 2005 regem
1054 1922 1183 2005 Angliae
1197 1943 1270 1986 vex-

313 2026 407 2088 illum
421 2025 557 2108 regium,
570 2047 645 2090 cum
660 2025 802 2090 clavibus
818 2026 954 2109 sepulcri
969 2025 1112 2105 Domini,
1126 2037 1158 2090 et
1172 2025 1270 2090 tum's

315 2127 428 2207 David,
448 2135 480 2192 et
501 2127 638 2194 civitatis
658 2129 848 2208 Jerusalem,
869 2135 1025 2212 tanquam
1047 2129 1087 2193 ad
1109 2129 1269 2194 haeredem

315 2238 411 2295 terroe
425 2231 520 2295 illius.

335 2335 337 2340 ’
357 2333 443 2397 Α.Ι).
461 2336 556 2398 1184.
594 2333 781 2399 Baldwinus
796 2355 852 2398 rex
867 2334 1048 2398 Jerusalem
1069 2333 1216 2418 deposuit
1236 2354 1270 2398 se

315 2459 335 2501 a
356 2437 513 2520 regimine
538 2438 642 2521 regni,
668 2443 702 2502 et
731 2437 900 2502 constituit
929 2437 1142 2516 Baldwinum,
1167 2438 1270 2502 filium

315 2540 472 2605 Willclmi
486 2541 654 2606 Marchisii
673 2547 707 2606 et
728 2541 860 2627 Sibyllae
882 2541 999 2606 sororis
1018 2562 1093 2620 suae,
1109 2561 1220 2623 regem
1233 2541 1270 2604 in

314 2643 385 2708 loco
409 2665 477 2724 suo,
502 2650 535 2709 et
558 2645 654 2728 paulo
677 2651 751 2729 post
774 2643 865 2710 obiit.
909 2645 954 2708 Et
980 2643 1165 2708 Baldwinus
1189 2664 1271 2727 puer

316 2748 463 2831 regnavit
477 2748 544 2812 fere
558 2770 616 2832 per
631 2748 711 2813 duos
726 2770 839 2813 annos.
886 2747 1063 2812 Combusta
1077 2753 1126 2812 est
1141 2746 1272 2811 abbatia

316 2850 356 2914 de
372 2850 604 2936 Glastoubury.
649 2852 694 2916 ut
713 2852 749 2915 in
766 2852 875 2916 Scotia
893 2851 1025 2936 quidam
1045 2852 1119 2914 fons
1139 2849 1270 2914 fluentis

317 2975 417 3037 aquae,
433 2976 501 3018 non
519 2954 616 3038 longe
636 2976 656 3019 a
675 2954 807 3018 castello
827 2953 867 3018 de
887 2954 1015 3033 hewin,
1034 2951 1177 3016 manavit
1197 2973 1270 3015 san·

317 3057 416 3140 guine
429 3079 488 3141 per
501 3063 574 3123 octo
592 3057 660 3122 dies
680 3064 713 3122 et
732 3057 869 3124 totidem
883 3064 1005 3136 noctes,
1022 3056 1091 3119 sine
1107 3055 1270 3120 intermis-

318 3161 417 3225 sione.
463 3162 533 3226 Rex
552 3159 715 3226 Hemicus
736 3162 813 3226 fecit
835 3160 1023 3244 homagium
1037 3158 1187 3241 Philippo
1201 3156 1271 3239 regi

318 3263 462 3327 Francia
475 3284 534 3347 pro
548 3264 643 3340 terris
658 3263 727 3328 suis
741 3262 973 3328 transmarinis.
1019 3260 1184 3324 Jocelinus
1204 3259 1270 3342 epi-

318 3386 432 3449 scopus
444 3366 562 3432 Sarum
576 3367 680 3431 factus
696 3372 745 3431 est
759 3365 938 3430 monachus
949 3361 1170 3434 Cisterciensis
1185 3359 1271 3448 apud

289 3543 291 3548 ¹
318 3467 468 3533 Fordam.

362 3573 446 3635 A.D.
461 3573 556 3636 1185.
588 3572 758 3637 Heraclius
772 3569 954 3656 patriarcha
969 3567 1270 3653 Jerusolymitanus,

318 3679 352 3737 et
366 3674 453 3758 prior
467 3674 634 3758 hospitalis
649 3674 689 3738 de
704 3674 894 3751 Jerusalem,
910 3693 984 3736 cum
999 3691 1118 3754 magno
1135 3689 1271 3734 moerore

319 3784 353 3844 et
374 3778 484 3843 labore
505 3783 665 3843 venerunt
688 3777 729 3843 ad
750 3797 861 3860 regem
881 3773 1062 3839 Henricum
1083 3773 1119 3836 in
1140 3771 1270 3856 Anglia,

320 3881 475 3946 auxilium
489 3888 522 3946 et
537 3881 707 3946 consilium
721 3879 763 3944 ab
777 3901 818 3944 co
830 3885 943 3943 contm
959 3878 1134 3942 Saracenos
1153 3874 1271 3939 humil-

318 3983 396 4048 lime
415 3985 625 4068 postulantes,
641 4005 721 4068 quos
735 3987 893 4066 nequent
908 3980 1031 4058 debuit,
1045 3984 1202 4062 nequent
1217 3977 1272 4040 de-

320 4086 397 4165 cuit,
418 4087 547 4172 recepit.
592 4086 683 4150 Obiit
704 4085 824 4150 Lucius
844 4105 945 4168 papa;
968 4083 1020 4146 cui
1041 4079 1193 4146 successit
1208 4079 1272 4142 Ur-

320 4187 425 4253 banus
446 4190 504 4254 III
523 4189 655 4254 natione
675 4186 887 4264 Lombardus,
903 4184 1066 4270 quondam
1080 4181 1223 4259 clericus,
1238 4186 1273 4244 et

321 4312 427 4357 comes
450 4291 487 4356 in
508 4291 603 4357 exilio
626 4290 810 4356 individuus
832 4288 936 4354 sancti
954 4287 1087 4353 Thomas
1108 4281 1272 4370 quondam
