3218 5098
609 567 899 611 insulanaenusn.
1187 552 1230 614 49

277 687 442 771 trigesimo
458 691 569 751 octavo
589 708 685 765 anno,
701 709 740 751 ex
760 709 823 770 quo
843 694 934 770 pater
950 708 1026 750 suus
1046 708 1103 751 rex
1117 686 1230 751 Ethel-

278 791 375 855 redus
403 791 527 874 primus
551 790 587 854 id
609 789 742 853 Danieis
768 789 924 853 solidariis
948 789 1026 855 solvi
1051 791 1231 868 mandarat,

278 895 403 976 integre
419 893 563 957 absolvit.
610 893 725 956 Comes
741 893 838 956 etiam
854 893 1010 956 Bononiae
1025 893 1229 968 Eustachius,

282 997 337 1080 qui
353 1018 493 1060 sororem
514 996 598 1078 regis
614 995 773 1074 Edwardi,
791 995 917 1060 Godam
938 996 1079 1074 nomine,
1096 997 1231 1060 duxerat

279 1101 314 1163 in
335 1120 478 1176 uxorem,
494 1099 646 1181 quoniam
667 1098 702 1161 in
718 1097 919 1162 Dorobernia
938 1093 1096 1181 'quosdam
1115 1099 1232 1163 civium

280 1210 410 1287 propter
430 1202 585 1286 injuriam
604 1200 667 1264 sibi
686 1201 804 1265 factam
825 1202 905 1265 servi
928 1202 979 1264 sui
998 1201 1190 1276 occiderant,
1212 1224 1231 1265 a

284 1307 444 1371 Godwino
459 1307 576 1370 comite
592 1313 625 1368 et
640 1304 706 1368 suis
727 1306 767 1368 ad
781 1327 912 1388 poenam
932 1307 1121 1390 exposcitur,
1138 1307 1193 1370 sed
1213 1328 1233 1369 a

283 1431 360 1493 rege
381 1410 584 1473 defensatur:
617 1430 716 1492 quare
737 1416 933 1492 congregato
957 1409 1109 1488 exercitu,
1133 1431 1233 1492 quum

283 1512 404 1577 bellum
420 1519 533 1576 contra
554 1533 665 1594 regem
679 1521 815 1594 pararet,
831 1513 899 1594 ipse
915 1533 988 1575 cum
1005 1512 1145 1594 quinque
1160 1513 1233 1575 filiis

283 1617 457 1699 exlegatur,
474 1623 507 1678 et
529 1615 642 1697 regina
663 1615 730 1678 filia
748 1615 906 1692 Godwini,
922 1636 997 1678 cum
1019 1636 1086 1678 una
1103 1622 1234 1678 tantum

282 1720 479 1803 pedissequa,
490 1717 786 1782 sanctimonialibus
799 1718 839 1781 de
848 1717 1017 1781 Warevvell
1025 1717 1235 1781 custodienda

284 1822 537 1886 commendatur.
582 1821 764 1884 Willelmus
787 1842 893 1885 comes
917 1820 1005 1884 venit
1024 1821 1060 1883 in
1082 1820 1235 1902 Angliam

286 1926 327 1990 ad
350 1947 461 2009 regem
484 1925 679 1988 Edwardum
704 1931 878 2008 cognatum
902 1945 1007 1987 suum.
1054 1923 1144 1988 Obiit
1168 1924 1235 1989 Leo

284 2051 376 2112 papa,
393 2028 445 2091 cui
460 2027 611 2092 successit
624 2027 737 2091 Victor
752 2027 921 2091 secundus.

329 2131 414 2194 A.D.
433 2133 526 2194 1052.
572 2131 746 2194 Goduinus
762 2152 866 2194 comes
881 2140 914 2194 et
929 2130 986 2192 tilii
1007 2131 1056 2193 sui
1071 2152 1146 2194 cum
1161 2152 1236 2215 rege

286 2235 544 2313 reconciliantur,
560 2242 593 2299 et
607 2235 720 2317 regina
733 2244 910 2298 revocatur.
941 2236 1058 2298 Emma
1073 2236 1236 2318 quondam

287 2339 409 2420 regina,
422 2345 524 2401 mater
532 2337 681 2401 Edwardi
692 2337 785 2419 regis,
799 2337 889 2416 obiit,
899 2347 932 2400 et
941 2337 1118 2402 Wintoniae
1128 2347 1237 2402 tumu-

288 2441 382 2506 latur.
427 2440 611 2504 Normanni
625 2440 691 2504 fere
707 2461 818 2504 omnes
833 2440 873 2503 ab
889 2441 1008 2522 Anglia
1023 2442 1236 2524 expelluntur,

287 2544 374 2608 unde
400 2543 560 2607 Robertus
583 2543 836 2627 archiepiscopus
857 2543 1098 2608 cantuariensis
1121 2545 1238 2622 exulat,

289 2656 322 2712 et
345 2647 522 2730 Stigandus
541 2645 776 2709 Wiutoniensis
796 2647 972 2729 episcopus,
994 2647 1079 2729 regis
1103 2646 1239 2711 abutens

290 2751 503 2834 simplicitate,
527 2756 560 2814 et
583 2748 732 2812 Godwini
756 2749 958 2833 filiorumque
984 2772 1116 2814 suorum
1137 2751 1239 2814 fultus

288 2860 455 2937 potestate,
471 2853 609 2936 pecunia
626 2851 935 2934 archiepiscopatum
954 2853 1074 2917 invadit
1094 2862 1127 2917 et
1148 2874 1240 2918 occu-

288 2965 343 3040 pat
351 2983 361 3035 ;
383 2957 471 3020 unde
486 2977 505 3019 a
520 2955 594 3018 sede
611 2956 766 3034 Romana,
780 2955 842 3017 nisi
857 2977 876 3018 a
891 2956 1067 3021 Benedicto
1083 2958 1241 3020 consimili
1366 3031 1368 3034 .

290 3059 464 3123 ambitione
478 3065 633 3141 papatum
646 3057 829 3136 invadente,
841 3059 975 3141 pallium
990 3059 1142 3122 canonice
1157 3082 1241 3122 nun·

292 3184 388 3246 quam
403 3162 532 3240 meruit,
549 3169 582 3225 et
596 3168 732 3244 uterque
747 3168 859 3244 postea
872 3161 1016 3225 fidelium
1037 3163 1104 3226 zelo
1119 3163 1241 3246 deposi-

293 3275 347 3332 tus
363 3277 421 3333 est.

337 3370 409 3435 Hoc
427 3378 571 3455 tempore
592 3372 770 3436 Thoraldus
791 3371 977 3448 vicecomes,
998 3378 1031 3435 et
1052 3371 1151 3434 frater
1172 3392 1241 3454 ger-

289 3495 406 3541 manus
429 3473 560 3539 Godivae
582 3474 751 3539 comitissae
774 3474 976 3558 Leycestriae‚
998 3475 1170 3556 assumptis
1193 3497 1241 3539 se-

295 3599 370 3642 cum
400 3578 440 3641 de
470 3578 600 3647 domino
628 3579 785 3660 Wulgato
814 3577 930 3641 abbate
960 3577 1161 3661 Croylandiae
1191 3600 1245 3642 sex

294 3681 470 3758 monachis,
490 3683 669 3763 prioratum
691 3680 886 3764 Spaldingiae
906 3680 1077 3759 inchoavit,
1098 3683 1192 3745 terris
1212 3691 1245 3746 et

294 3784 489 3848 tenementis
516 3783 748 3848 sufficientibus
772 3783 813 3847 ad
839 3804 951 3847 eorum
977 3787 1246 3850 sustentationem

296 3908 370 3950 cum
400 3908 458 3950 suo
487 3887 632 3950 manen'o
664 3887 700 3950 in
735 3907 846 3950 eorum
876 3887 989 3950 cellam
1018 3890 1247 3953 commutando

295 3989 395 4054 libere
410 3990 590 4072 assignatis.
675 4017 677 4022 v
712 4021 721 4049 ἡ.

349 4093 433 4156 A.D.
466 4095 561 4157 1053.
619 4093 725 4176 Caput
754 4093 839 4176 regis
867 4093 976 4156 fratris
1007 4094 1135 4157 Griffini
1163 4095 1248 4176 regis

298 4195 512 4260 Wallensium
542 4196 583 4259 ad
612 4216 731 4278 regem,
751 4195 947 4259 Edwardum
975 4197 1010 4258 in
1036 4197 1145 4279 vigilia
1173 4197 1249 4279 Epi·

765 4319 783 4360 s
