3226 5100
631 645 924 690 rnrmuoaonasn.
1218 628 1260 692 27

306 757 445 827 tationes
470 757 521 822 his
547 758 745 842 temporibus
770 759 806 822 in
832 757 965 822 ecclesia
991 759 1149 838 Romana,
1174 759 1261 824 inter

308 883 503 926 successores
519 862 598 946 ejus.
646 861 784 927 Sanctus
801 861 1009 926 Grimhaldus
1025 862 1115 927 obiit.

348 966 433 1030 Α.Ι).
454 969 528 1030 904.
569 966 654 1030 Clito
680 966 898 1030 Ethelwoldus
924 966 964 1030 ab
984 966 1144 1032 Eduardo
1168 965 1261 1050 fuga-

305 1076 359 1134 tus
375 1092 449 1134 cum
464 1071 563 1134 classe
578 1071 747 1133 Danorum
762 1071 796 1133 in
813 1070 967 1152 Angliam
981 1071 1075 1134 redit.

251 1259 255 1264 Ι
349 1174 434 1238 Α.Ι).
458 1175 533 1236 905.
580 1172 760 1237 Commisso
782 1174 871 1256 gravi
893 1173 1015 1257 proelio,
1040 1173 1126 1237 Clito
1147 1173 1261 1237 Ethel-

307 1276 427 1340 woldus
443 1297 517 1340 cum
533 1276 702 1340 Danorum
716 1298 793 1359 rege
808 1277 967 1340 Edbriceo
982 1298 1087 1360 aroge
1102 1277 1262 1342 Eduardo

308 1380 473 1444 occiditur.
519 1378 734 1462 Berengarius
750 1381 847 1445 Italia
863 1381 993 1465 potitur,
1010 1380 1174 1444 Ludovico
1189 1401 1262 1445 exo-

309 1485 426 1548 eulato.

348 1587 524 1650 Α.1).9Ο6.
555 1587 690 1651 Cometa
711 1587 797 1650 visus
819 1594 877 1654 est.
923 1586 1140 1652 christoforus
1165 1608 1257 1670 pape.

310 1691 433 1773 Pagani
459 1689 499 1754 de
524 1690 695 1773 Estanglia
720 1697 753 1756 et
778 1690 1017 1755 Northumbria
1042 1710 1076 1754 se
1101 1690 1171 1773 regi
1196 1690 1261 1753 Ed-

309 1793 415 1858 uardo
431 1800 544 1877 sponte
560 1793 791 1858 submiserunt.

350 1897 437 1961 Α.Ι).
453 1899 528 1961 909.
559 1897 813 1962 Praevalentibus
832 1904 948 1961 contra
966 1896 1080 1960 Persas
1098 1897 1262 1981 AEgyptiis

310 1999 369 2064 suh
400 2000 521 2064 ditione
548 2001 695 2085 AEgyptii
722 2000 864 2083 Caliphae
893 2000 1095 2085 lerosolyma
1125 2000 1262 2080 devenit,

310 2104 535 2186 destructaque
550 2111 599 2168 est
614 2105 746 2168 ecclesia
761 2126 780 2168 a
795 2103 1011 2168 Constantino
1027 2105 1193 2169 aedificata.

351 2209 437 2271 Α.Ι).
455 2211 530 2272 911.
562 2207 784 2291 Plegmundus
800 2209 1054 2292 archiepiscopus
1069 2230 1137 2272 uno
1156 2207 1207 2272 die
1224 2208 1262 2271 in

311 2311 536 2375 Cantuariensi
556 2312 685 2376 civitate
705 2318 828 2395 septem
848 2312 1011 2396 episcopos
1026 2312 1195 2390 ordinavit,
1210 2334 1262 2376 va·

310 2415 458 2478 cantibus
480 2415 632 2478 undecim
654 2415 781 2479 sedibus
804 2415 1035 2499 episcopalibus
1056 2416 1161 2480 multo
1181 2423 1262 2480 tem-

309 2539 396 2602 pore.

352 2623 437 2686 Α.Ι).
454 2624 528 2685 912.
557 2621 685 2685 Edredo
700 2621 781 2685 duce
796 2621 994 2686 Merciorum
1009 2622 1171 2700 defuncto,
1182 2644 1264 2687 uxor

310 2726 379 2810 ejus
405 2724 538 2802 Elfleda,
565 2746 654 2789 soror
678 2725 772 2808 regis,
797 2725 955 2789 Merciam
981 2726 1108 2809 egregie
1136 2745 1262 2809 regens,

310 2828 428 2892 auxilio
441 2828 534 2892 fratri
549 2828 629 2892 fuit:
653 2827 722 2892 haee
736 2829 904 2893 transtulit
920 2850 991 2892 ossa
1005 2829 1109 2894 sancti
1123 2829 1264 2894 oswaldi

312 2931 514 3015 aBardeney
530 2931 571 2995 ad
588 2931 832 3010 Gloucestriam,
848 2939 886 2997 ut
902 2932 1028 2996 dicitur.

352 3037 438 3099 Α.Ι).
454 3037 529 3099 913.
562 3035 715 3117 Hungari
729 3036 939 3100 Almanniam
955 3041 1093 3100 vastant.

354 3139 438 3203 Α.Ι).
454 3141 530 3202 915.
561 3139 759 3221 lhequentes
780 3145 812 3217 et
833 3137 922 3203 durae
941 3161 1059 3222 pugnae
1078 3143 1193 3203 contra
1208 3159 1264 3221 pa-

313 3263 412 3324 ganos
431 3240 471 3304 ab
490 3240 647 3305 Eduardo
668 3246 701 3304 et
720 3241 845 3306 Elfleda
864 3249 1032 3324 geruntur,
1048 3262 1124 3324 rege
1140 3260 1265 3323 semper

310 3344 513 3426 praevalente,
529 3349 562 3407 et
576 3343 672 3407 urbes
688 3343 810 3408 dirutas
825 3344 1049 3408 reaedificante.

354 3448 439 3512 Α.Ι).
470 3448 544 3512 916.
588 3447 749 3512 Robertus
780 3448 873 3511 Rollo
904 3446 1038 3512 duxerat
1066 3447 1103 3512 in
1131 3468 1265 3511 uxorem

312 3549 411 3613 filiam
436 3551 520 3634 regis
544 3552 699 3630 Franciae,
726 3551 903 3635 habuitque
933 3573 1007 3615 cum
1032 3552 1087 3616 illa
1111 3551 1264 3614 ducatum

311 3648 523 3715 Normanniae
532 3677 541 3729 3
566 3650 629 3734 qut
643 3651 797 3716 defuncti
811 3651 879 3716 sine
897 3651 1015 3731 liberis,
1032 3651 1123 3715 duxit
1142 3651 1264 3734 Popem

311 3753 412 3816 filiam
427 3754 552 3818 comitis
570 3755 835 3839 sylvanectensis,
853 3777 924 3840 quae
940 3754 1113 3839 peperit'ei
1127 3754 1264 3818 Williel·

311 3877 413 3919 mum.

354 3959 439 4023 Α.Ι).
455 3962 530 4025 917.
562 3959 724 4024 Robertus
740 3962 844 4040 Roll0,
865 3961 986 4045 primus
1006 3961 1082 4024 Dux
1100 3961 1263 4026 Norman-

311 4062 383 4140 niae,
400 4062 498 4126 obiit:
522 4063 674 4127 successit
689 4063 879 4128 Willelmus
887 4064 972 4127 filius
989 4064 1067 4147 ejus.

354 4166 438 4230 Α.Ι).
456 4168 530 4230 918.
556 4165 723 4230 Conradus
736 4167 834 4232 obiit:
858 4167 1009 4231 successit
1022 4166 1183 4231 Henricus
1198 4165 1263 4248 pri-

303 4291 393 4351 mus,
409 4269 583 4356 imperator
598 4269 765 4336 Romanus
780 4271 993 4356 octogesimus
1007 4291 1124 4334 nonus.
