<?xml version="1.0" encoding="UTF-8"?>
<!DOCTYPE html PUBLIC "-//W3C//DTD XHTML 1.0 Transitional//EN"
    "http://www.w3.org/TR/xhtml1/DTD/xhtml1-transitional.dtd">
<html xmlns="http://www.w3.org/1999/xhtml" xml:lang="en" lang="en">
 <head>
  <title>
</title>
<meta http-equiv="Content-Type" content="text/html;charset=utf-8" />
  <meta name='ocr-system' content='tesseract 3.04.00' />
  <meta name='ocr-capabilities' content='ocr_page ocr_carea ocr_par ocr_line ocrx_word'/>
</head>
<body>
  <div class='ocr_page' id='page_1' title='image "./chroniconanglia00chrogoog_0043.png"; bbox 0 0 3218 5098; ppageno 0'>
   <div class='ocr_carea' id='block_1_1' title="bbox 610 652 1229 736">
    <p class='ocr_par' dir='ltr' id='par_1_1' title="bbox 610 652 1229 736">
     <span class='ocr_line' id='line_1_1' title="bbox 610 652 1229 736; baseline -0.01 -18"><span class='ocrx_word' id='word_1_1' title='bbox 610 675 900 719; x_wconf 78' lang='lat' dir='ltr'><strong>rnrarnuaanusn.</strong></span> <span class='ocrx_word' id='word_1_2' title='bbox 1189 652 1229 736; x_wconf 70' lang='lat'><strong>21</strong></span> 
     </span>
    </p>
   </div>
   <div class='ocr_carea' id='block_1_2' title="bbox 241 789 1230 4389">
    <p class='ocr_par' dir='ltr' id='par_1_2' title="bbox 241 789 1230 4389">
     <span class='ocr_line' id='line_1_2' title="bbox 275 789 1230 878; baseline -0.004 -20"><span class='ocrx_word' id='word_1_3' title='bbox 275 793 498 878; x_wconf 87' lang='lat' dir='ltr'><strong>celebrataque</strong></span> <span class='ocrx_word' id='word_1_4' title='bbox 527 794 694 873; x_wconf 85' lang='lat' dir='ltr'><strong>electione,</strong></span> <span class='ocrx_word' id='word_1_5' title='bbox 724 792 913 857; x_wconf 88' lang='lat' dir='ltr'><strong>venerabilis</strong></span> <span class='ocrx_word' id='word_1_6' title='bbox 947 798 1040 876; x_wconf 87' lang='lat' dir='ltr'><strong>pater</strong></span> <span class='ocrx_word' id='word_1_7' title='bbox 1070 789 1230 856; x_wconf 88' lang='lat' dir='ltr'><strong>Godricus</strong></span> 
     </span>
     <span class='ocr_line' id='line_1_3' title="bbox 275 895 1229 981; baseline -0.004 -20"><span class='ocrx_word' id='word_1_8' title='bbox 275 897 421 961; x_wconf 91' lang='lat' dir='ltr'><strong>omnium</strong></span> <span class='ocrx_word' id='word_1_9' title='bbox 444 919 612 976; x_wconf 88' lang='lat' dir='ltr'><strong>consensu,</strong></span> <span class='ocrx_word' id='word_1_10' title='bbox 628 897 703 961; x_wconf 89' lang='lat' dir='ltr'><strong>licet</strong></span> <span class='ocrx_word' id='word_1_11' title='bbox 725 897 846 961; x_wconf 88' lang='lat' dir='ltr'><strong>invitus</strong></span> <span class='ocrx_word' id='word_1_12' title='bbox 868 902 900 960; x_wconf 90' lang='lat' dir='ltr'><strong>et</strong></span> <span class='ocrx_word' id='word_1_13' title='bbox 920 897 1060 960; x_wconf 91' lang='lat' dir='ltr'><strong>multum</strong></span> <span class='ocrx_word' id='word_1_14' title='bbox 1074 895 1229 981; x_wconf 77' lang='lat' dir='ltr'><strong>renitens,</strong></span> 
     </span>
     <span class='ocr_line' id='line_1_4' title="bbox 275 999 1228 1083; baseline -0.002 -19"><span class='ocrx_word' id='word_1_15' title='bbox 275 1000 373 1065; x_wconf 87' lang='lat' dir='ltr'><strong>abbas</strong></span> <span class='ocrx_word' id='word_1_16' title='bbox 395 1003 527 1066; x_wconf 90' lang='lat' dir='ltr'><strong>tandem</strong></span> <span class='ocrx_word' id='word_1_17' title='bbox 550 1010 598 1065; x_wconf 88' lang='lat' dir='ltr'><strong>est</strong></span> <span class='ocrx_word' id='word_1_18' title='bbox 621 1001 772 1064; x_wconf 86' lang='lat' dir='ltr'><strong>effectus:</strong></span> <span class='ocrx_word' id='word_1_19' title='bbox 798 1001 839 1064; x_wconf 89' lang='lat' dir='ltr'><strong>ad</strong></span> <span class='ocrx_word' id='word_1_20' title='bbox 861 1021 957 1083; x_wconf 89' lang='lat' dir='ltr'><strong>quem</strong></span> <span class='ocrx_word' id='word_1_21' title='bbox 978 999 1110 1063; x_wconf 87' lang='lat' dir='ltr'><strong>veniens</strong></span> <span class='ocrx_word' id='word_1_22' title='bbox 1133 1019 1228 1062; x_wconf 89' lang='lat' dir='ltr'><strong>vene-</strong></span> 
     </span>
     <span class='ocr_line' id='line_1_5' title="bbox 273 1099 1228 1189; baseline -0.002 -23"><span class='ocrx_word' id='word_1_23' title='bbox 273 1104 381 1168; x_wconf 88' lang='lat' dir='ltr'><strong>rabilis</strong></span> <span class='ocrx_word' id='word_1_24' title='bbox 404 1127 501 1169; x_wconf 83' lang='lat' dir='ltr'>senex</span> <span class='ocrx_word' id='word_1_25' title='bbox 523 1105 609 1189; x_wconf 86' lang='lat' dir='ltr'><strong>prior</strong></span> <span class='ocrx_word' id='word_1_26' title='bbox 624 1104 664 1167; x_wconf 88' lang='lat' dir='ltr'><strong>de</strong></span> <span class='ocrx_word' id='word_1_27' title='bbox 679 1103 828 1186; x_wconf 86' lang='lat' dir='ltr'><strong>Ankarig</strong></span> <span class='ocrx_word' id='word_1_28' title='bbox 849 1104 994 1182; x_wconf 78' lang='lat' dir='ltr'><strong>Toretus,</strong></span> <span class='ocrx_word' id='word_1_29' title='bbox 1011 1124 1048 1167; x_wconf 86' lang='lat' dir='ltr'><strong>ac</strong></span> <span class='ocrx_word' id='word_1_30' title='bbox 1063 1103 1132 1187; x_wconf 87' lang='lat' dir='ltr'><strong>ejus</strong></span> <span class='ocrx_word' id='word_1_31' title='bbox 1153 1099 1228 1165; x_wconf 91' lang='lat' dir='ltr'><strong>sub-</strong></span> 
     </span>
     <span class='ocr_line' id='line_1_6' title="bbox 272 1204 1227 1290; baseline -0.003 -20"><span class='ocrx_word' id='word_1_32' title='bbox 272 1207 359 1290; x_wconf 87' lang='lat' dir='ltr'><strong>prior</strong></span> <span class='ocrx_word' id='word_1_33' title='bbox 373 1207 524 1272; x_wconf 88' lang='lat' dir='ltr'><strong>dominus</strong></span> <span class='ocrx_word' id='word_1_34' title='bbox 538 1208 622 1286; x_wconf 80' lang='lat' dir='ltr'><strong>Tisa,</strong></span> <span class='ocrx_word' id='word_1_35' title='bbox 639 1206 734 1270; x_wconf 90' lang='lat' dir='ltr'><strong>ambo</strong></span> <span class='ocrx_word' id='word_1_36' title='bbox 750 1206 944 1271; x_wconf 74' lang='lat' dir='ltr'>anachoritae</span> <span class='ocrx_word' id='word_1_37' title='bbox 959 1205 1152 1270; x_wconf 83' lang='lat' dir='ltr'><strong>sanctissimi</strong></span> <span class='ocrx_word' id='word_1_38' title='bbox 1172 1204 1227 1268; x_wconf 93' lang='lat' dir='ltr'><strong>de-</strong></span> 
     </span>
     <span class='ocr_line' id='line_1_7' title="bbox 273 1309 1226 1394; baseline 0 -23"><span class='ocrx_word' id='word_1_39' title='bbox 273 1310 434 1374; x_wconf 89' lang='lat' dir='ltr'><strong>votissime</strong></span> <span class='ocrx_word' id='word_1_40' title='bbox 460 1310 694 1394; x_wconf 84' lang='lat' dir='ltr'><strong>supplicabant,</strong></span> <span class='ocrx_word' id='word_1_41' title='bbox 726 1316 884 1392; x_wconf 87' lang='lat' dir='ltr'><strong>quatenus</strong></span> <span class='ocrx_word' id='word_1_42' title='bbox 915 1309 1087 1392; x_wconf 78' lang='lat' dir='ltr'><strong>assumptis</strong></span> <span class='ocrx_word' id='word_1_43' title='bbox 1117 1329 1226 1372; x_wconf 88' lang='lat' dir='ltr'><strong>secum</strong></span> 
     </span>
     <span class='ocr_line' id='line_1_8' title="bbox 272 1411 1227 1498; baseline 0.001 -25"><span class='ocrx_word' id='word_1_44' title='bbox 272 1411 425 1477; x_wconf 86' lang='lat' dir='ltr'><strong>fratribus</strong></span> <span class='ocrx_word' id='word_1_45' title='bbox 435 1414 628 1498; x_wconf 88' lang='lat' dir='ltr'><strong>quibusdam</strong></span> <span class='ocrx_word' id='word_1_46' title='bbox 640 1413 829 1496; x_wconf 84' lang='lat' dir='ltr'><strong>dignaretur</strong></span> <span class='ocrx_word' id='word_1_47' title='bbox 837 1411 1119 1476; x_wconf 88' lang='lat' dir='ltr'><strong>Medeshamstede</strong></span> <span class='ocrx_word' id='word_1_48' title='bbox 1129 1411 1227 1490; x_wconf 90' lang='lat' dir='ltr'><strong>adire,</strong></span> 
     </span>
     <span class='ocr_line' id='line_1_9' title="bbox 273 1515 1226 1604; baseline -0.001 -26"><span class='ocrx_word' id='word_1_49' title='bbox 273 1523 305 1578; x_wconf 92' lang='lat' dir='ltr'><strong>et</strong></span> <span class='ocrx_word' id='word_1_50' title='bbox 321 1515 446 1580; x_wconf 90' lang='lat' dir='ltr'><strong>abbatis</strong></span> <span class='ocrx_word' id='word_1_51' title='bbox 461 1517 511 1580; x_wconf 89' lang='lat' dir='ltr'><strong>sui</strong></span> <span class='ocrx_word' id='word_1_52' title='bbox 526 1524 558 1581; x_wconf 91' lang='lat' dir='ltr'><strong>et</strong></span> <span class='ocrx_word' id='word_1_53' title='bbox 573 1517 710 1580; x_wconf 89' lang='lat' dir='ltr'><strong>aliorum</strong></span> <span class='ocrx_word' id='word_1_54' title='bbox 724 1515 924 1578; x_wconf 87' lang='lat' dir='ltr'><strong>confratrum</strong></span> <span class='ocrx_word' id='word_1_55' title='bbox 939 1535 1069 1578; x_wconf 92' lang='lat' dir='ltr'><strong>suorum</strong></span> <span class='ocrx_word' id='word_1_56' title='bbox 1085 1534 1226 1604; x_wconf 82' lang='lat' dir='ltr'><strong>corpora,</strong></span> 
     </span>
     <span class='ocr_line' id='line_1_10' title="bbox 272 1617 1227 1703; baseline -0.001 -22"><span class='ocrx_word' id='word_1_57' title='bbox 272 1618 347 1682; x_wconf 85' lang='lat' dir='ltr'><strong>feris</strong></span> <span class='ocrx_word' id='word_1_58' title='bbox 359 1619 532 1703; x_wconf 90' lang='lat' dir='ltr'><strong>avibusque</strong></span> <span class='ocrx_word' id='word_1_59' title='bbox 544 1620 649 1683; x_wconf 89' lang='lat' dir='ltr'><strong>adhuc</strong></span> <span class='ocrx_word' id='word_1_60' title='bbox 661 1619 799 1683; x_wconf 83' lang='lat' dir='ltr'><strong>obnoxia</strong></span> <span class='ocrx_word' id='word_1_61' title='bbox 808 1624 841 1682; x_wconf 89' lang='lat' dir='ltr'><strong>et</strong></span> <span class='ocrx_word' id='word_1_62' title='bbox 852 1617 1023 1700; x_wconf 88' lang='lat' dir='ltr'><strong>insepulta,</strong></span> <span class='ocrx_word' id='word_1_63' title='bbox 1034 1617 1227 1680; x_wconf 86' lang='lat' dir='ltr'><strong>Christianae</strong></span> 
     </span>
     <span class='ocr_line' id='line_1_11' title="bbox 272 1719 1227 1805; baseline -0.002 -21"><span class='ocrx_word' id='word_1_64' title='bbox 272 1722 445 1805; x_wconf 89' lang='lat' dir='ltr'><strong>sepulturae</strong></span> <span class='ocrx_word' id='word_1_65' title='bbox 474 1723 616 1788; x_wconf 88' lang='lat' dir='ltr'><strong>caritatis</strong></span> <span class='ocrx_word' id='word_1_66' title='bbox 645 1722 770 1786; x_wconf 91' lang='lat' dir='ltr'><strong>intuitu</strong></span> <span class='ocrx_word' id='word_1_67' title='bbox 799 1720 1035 1785; x_wconf 88' lang='lat' dir='ltr'><strong>commendare.</strong></span> <span class='ocrx_word' id='word_1_68' title='bbox 1093 1719 1227 1783; x_wconf 89' lang='lat' dir='ltr'><strong>Obtem-</strong></span> 
     </span>
     <span class='ocr_line' id='line_1_12' title="bbox 271 1820 1226 1910; baseline -0.002 -22"><span class='ocrx_word' id='word_1_69' title='bbox 271 1847 386 1908; x_wconf 88' lang='lat' dir='ltr'><strong>perans</strong></span> <span class='ocrx_word' id='word_1_70' title='bbox 417 1827 527 1910; x_wconf 90' lang='lat' dir='ltr'><strong>itaque</strong></span> <span class='ocrx_word' id='word_1_71' title='bbox 563 1826 712 1910; x_wconf 89' lang='lat' dir='ltr'><strong>precibus</strong></span> <span class='ocrx_word' id='word_1_72' title='bbox 745 1825 876 1888; x_wconf 91' lang='lat' dir='ltr'><strong>illorum</strong></span> <span class='ocrx_word' id='word_1_73' title='bbox 904 1823 1095 1888; x_wconf 89' lang='lat' dir='ltr'><strong>venerabilis</strong></span> <span class='ocrx_word' id='word_1_74' title='bbox 1128 1820 1226 1886; x_wconf 90' lang='lat' dir='ltr'><strong>abbas</strong></span> 
     </span>
     <span class='ocr_line' id='line_1_13' title="bbox 272 1926 1226 2010; baseline -0.004 -18"><span class='ocrx_word' id='word_1_75' title='bbox 272 1929 439 2008; x_wconf 86' lang='lat' dir='ltr'><strong>Godricus,</strong></span> <span class='ocrx_word' id='word_1_76' title='bbox 466 1951 541 1993; x_wconf 90' lang='lat' dir='ltr'><strong>cum</strong></span> <span class='ocrx_word' id='word_1_77' title='bbox 571 1929 682 1993; x_wconf 90' lang='lat' dir='ltr'><strong>multis</strong></span> <span class='ocrx_word' id='word_1_78' title='bbox 711 1927 875 2006; x_wconf 84' lang='lat' dir='ltr'><strong>fratribus,</strong></span> <span class='ocrx_word' id='word_1_79' title='bbox 905 1927 992 1990; x_wconf 89' lang='lat' dir='ltr'><strong>inter</strong></span> <span class='ocrx_word' id='word_1_80' title='bbox 1018 1948 1097 2010; x_wconf 87' lang='lat' dir='ltr'><strong>quos</strong></span> <span class='ocrx_word' id='word_1_81' title='bbox 1126 1926 1226 1989; x_wconf 86' lang='lat' dir='ltr'><strong>frater</strong></span> 
     </span>
     <span class='ocr_line' id='line_1_14' title="bbox 271 2028 1225 2114; baseline -0.003 -20"><span class='ocrx_word' id='word_1_82' title='bbox 271 2031 433 2114; x_wconf 72' lang='lat' dir='ltr'><strong>&#39;Purgatus</strong></span> <span class='ocrx_word' id='word_1_83' title='bbox 455 2033 576 2111; x_wconf 88' lang='lat' dir='ltr'><strong>aderat,</strong></span> <span class='ocrx_word' id='word_1_84' title='bbox 602 2031 845 2097; x_wconf 88' lang='lat' dir='ltr'><strong>occurrentibus</strong></span> <span class='ocrx_word' id='word_1_85' title='bbox 867 2031 912 2094; x_wconf 88' lang='lat' dir='ltr'><strong>cis</strong></span> <span class='ocrx_word' id='word_1_86' title='bbox 933 2029 1052 2093; x_wconf 90' lang='lat' dir='ltr'><strong>ibidem</strong></span> <span class='ocrx_word' id='word_1_87' title='bbox 1075 2028 1225 2092; x_wconf 89' lang='lat' dir='ltr'><strong>omnibus</strong></span> 
     </span>
     <span class='ocr_line' id='line_1_15' title="bbox 270 2133 1225 2219; baseline -0.002 -22"><span class='ocrx_word' id='word_1_88' title='bbox 270 2134 423 2198; x_wconf 82' lang='lat' dir='ltr'><strong>fratribus</strong></span> <span class='ocrx_word' id='word_1_89' title='bbox 439 2136 479 2208; x_wconf 89' lang='lat' dir='ltr'><strong>de</strong></span> <span class='ocrx_word' id='word_1_90' title='bbox 490 2136 648 2219; x_wconf 85' lang='lat' dir='ltr'><strong>Ankarig,</strong></span> <span class='ocrx_word' id='word_1_91' title='bbox 661 2133 944 2199; x_wconf 89' lang='lat' dir='ltr'><strong>Medeshamstede</strong></span> <span class='ocrx_word' id='word_1_92' title='bbox 961 2133 1057 2196; x_wconf 89' lang='lat' dir='ltr'><strong>adiit:</strong></span> <span class='ocrx_word' id='word_1_93' title='bbox 1074 2139 1106 2197; x_wconf 87' lang='lat' dir='ltr'><strong>ct</strong></span> <span class='ocrx_word' id='word_1_94' title='bbox 1121 2133 1225 2196; x_wconf 91' lang='lat' dir='ltr'><strong>multo</strong></span> 
     </span>
     <span class='ocr_line' id='line_1_16' title="bbox 271 2237 1225 2321; baseline 0.001 -20"><span class='ocrx_word' id='word_1_95' title='bbox 271 2238 387 2302; x_wconf 88' lang='lat' dir='ltr'><strong>sudore</strong></span> <span class='ocrx_word' id='word_1_96' title='bbox 402 2240 511 2303; x_wconf 90' lang='lat' dir='ltr'><strong>omnia</strong></span> <span class='ocrx_word' id='word_1_97' title='bbox 533 2240 765 2304; x_wconf 88' lang='lat' dir='ltr'><strong>monachorum</strong></span> <span class='ocrx_word' id='word_1_98' title='bbox 787 2238 867 2302; x_wconf 91' lang='lat' dir='ltr'><strong>dicti</strong></span> <span class='ocrx_word' id='word_1_99' title='bbox 888 2237 1075 2301; x_wconf 87' lang='lat' dir='ltr'><strong>monasterii</strong></span> <span class='ocrx_word' id='word_1_100' title='bbox 1093 2258 1225 2321; x_wconf 85' lang='lat' dir='ltr'><strong>corpora</strong></span> 
     </span>
     <span class='ocr_line' id='line_1_17' title="bbox 271 2342 1224 2426; baseline 0.002 -22"><span class='ocrx_word' id='word_1_101' title='bbox 271 2349 443 2424; x_wconf 85' lang='lat' dir='ltr'><strong>comperta,</strong></span> <span class='ocrx_word' id='word_1_102' title='bbox 463 2364 600 2408; x_wconf 88' lang='lat' dir='ltr'><strong>numero</strong></span> <span class='ocrx_word' id='word_1_103' title='bbox 620 2343 784 2426; x_wconf 84' lang='lat' dir='ltr'><strong>octoginta</strong></span> <span class='ocrx_word' id='word_1_104' title='bbox 807 2349 954 2425; x_wconf 88' lang='lat' dir='ltr'><strong>quatuor,</strong></span> <span class='ocrx_word' id='word_1_105' title='bbox 975 2342 1011 2404; x_wconf 91' lang='lat' dir='ltr'><strong>in</strong></span> <span class='ocrx_word' id='word_1_106' title='bbox 1033 2342 1139 2416; x_wconf 89' lang='lat' dir='ltr'><strong>medio</strong></span> <span class='ocrx_word' id='word_1_107' title='bbox 1162 2363 1224 2406; x_wconf 89' lang='lat' dir='ltr'><strong>coe·</strong></span> 
     </span>
     <span class='ocr_line' id='line_1_18' title="bbox 269 2445 1222 2524; baseline 0.003 -17"><span class='ocrx_word' id='word_1_108' title='bbox 269 2446 404 2511; x_wconf 89' lang='lat' dir='ltr'><strong>meterio</strong></span> <span class='ocrx_word' id='word_1_109' title='bbox 434 2447 511 2511; x_wconf 90' lang='lat' dir='ltr'><strong>dicti</strong></span> <span class='ocrx_word' id='word_1_110' title='bbox 540 2447 737 2524; x_wconf 87' lang='lat' dir='ltr'><strong>monasterii,</strong></span> <span class='ocrx_word' id='word_1_111' title='bbox 769 2453 882 2510; x_wconf 88' lang='lat' dir='ltr'><strong>contra</strong></span> <span class='ocrx_word' id='word_1_112' title='bbox 910 2445 1051 2509; x_wconf 83' lang='lat' dir='ltr'><strong>frontem</strong></span> <span class='ocrx_word' id='word_1_113' title='bbox 1081 2445 1222 2510; x_wconf 87' lang='lat' dir='ltr'><strong>ecclesiae</strong></span> 
     </span>
     <span class='ocr_line' id='line_1_19' title="bbox 269 2549 1224 2632; baseline 0 -20"><span class='ocrx_word' id='word_1_114' title='bbox 269 2550 433 2632; x_wconf 92' lang='lat' dir='ltr'><strong>quondam</strong></span> <span class='ocrx_word' id='word_1_115' title='bbox 447 2551 646 2629; x_wconf 86' lang='lat' dir='ltr'><strong>orientalem,</strong></span> <span class='ocrx_word' id='word_1_116' title='bbox 659 2551 789 2628; x_wconf 87' lang='lat' dir='ltr'><strong>scilicet,</strong></span> <span class='ocrx_word' id='word_1_117' title='bbox 798 2550 834 2613; x_wconf 92' lang='lat' dir='ltr'><strong>in</strong></span> <span class='ocrx_word' id='word_1_118' title='bbox 849 2571 915 2612; x_wconf 91' lang='lat' dir='ltr'><strong>uno</strong></span> <span class='ocrx_word' id='word_1_119' title='bbox 930 2549 1085 2613; x_wconf 89' lang='lat' dir='ltr'><strong>latissimo</strong></span> <span class='ocrx_word' id='word_1_120' title='bbox 1097 2549 1224 2612; x_wconf 91' lang='lat' dir='ltr'><strong>tumulo</strong></span> 
     </span>
     <span class='ocr_line' id='line_1_20' title="bbox 269 2651 1223 2740; baseline 0.002 -26"><span class='ocrx_word' id='word_1_121' title='bbox 269 2651 310 2715; x_wconf 89' lang='lat' dir='ltr'><strong>ad</strong></span> <span class='ocrx_word' id='word_1_122' title='bbox 329 2653 390 2716; x_wconf 91' lang='lat' dir='ltr'><strong>hoc</strong></span> <span class='ocrx_word' id='word_1_123' title='bbox 410 2661 529 2736; x_wconf 89' lang='lat' dir='ltr'><strong>aptato,</strong></span> <span class='ocrx_word' id='word_1_124' title='bbox 545 2654 581 2717; x_wconf 92' lang='lat' dir='ltr'><strong>in</strong></span> <span class='ocrx_word' id='word_1_125' title='bbox 600 2655 682 2718; x_wconf 88' lang='lat' dir='ltr'><strong>festo</strong></span> <span class='ocrx_word' id='word_1_126' title='bbox 701 2661 821 2740; x_wconf 85' lang='lat' dir='ltr'><strong>sanctae</strong></span> <span class='ocrx_word' id='word_1_127' title='bbox 836 2652 1111 2736; x_wconf 68' lang='lat' dir='ltr'><strong>Ceciliaeuirginis</strong></span> <span class='ocrx_word' id='word_1_128' title='bbox 1134 2673 1223 2734; x_wconf 88' lang='lat' dir='ltr'><strong>sepe·</strong></span> 
     </span>
     <span class='ocr_line' id='line_1_21' title="bbox 267 2755 1223 2840; baseline 0 -22"><span class='ocrx_word' id='word_1_129' title='bbox 267 2755 339 2838; x_wconf 91' lang='lat' dir='ltr'><strong>livit</strong></span> <span class='ocrx_word' id='word_1_130' title='bbox 345 2782 355 2834; x_wconf 81' lang='lat'>3</span> <span class='ocrx_word' id='word_1_131' title='bbox 377 2777 502 2839; x_wconf 88' lang='lat' dir='ltr'><strong>ponens</strong></span> <span class='ocrx_word' id='word_1_132' title='bbox 526 2759 625 2821; x_wconf 88' lang='lat' dir='ltr'><strong>etiam</strong></span> <span class='ocrx_word' id='word_1_133' title='bbox 648 2779 742 2840; x_wconf 89' lang='lat' dir='ltr'><strong>super</strong></span> <span class='ocrx_word' id='word_1_134' title='bbox 765 2778 880 2840; x_wconf 89' lang='lat' dir='ltr'><strong>corpus</strong></span> <span class='ocrx_word' id='word_1_135' title='bbox 903 2755 1038 2834; x_wconf 90' lang='lat' dir='ltr'><strong>abbatis,</strong></span> <span class='ocrx_word' id='word_1_136' title='bbox 1057 2757 1094 2819; x_wconf 89' lang='lat' dir='ltr'><strong>in</strong></span> <span class='ocrx_word' id='word_1_137' title='bbox 1116 2755 1223 2819; x_wconf 89' lang='lat' dir='ltr'><strong>medio</strong></span> 
     </span>
     <span class='ocr_line' id='line_1_22' title="bbox 267 2858 1222 2943; baseline 0.001 -23"><span class='ocrx_word' id='word_1_138' title='bbox 267 2858 406 2929; x_wconf 89' lang='lat' dir='ltr'><strong>filiorum</strong></span> <span class='ocrx_word' id='word_1_139' title='bbox 437 2881 570 2924; x_wconf 90' lang='lat' dir='ltr'><strong>suorum</strong></span> <span class='ocrx_word' id='word_1_140' title='bbox 599 2860 802 2943; x_wconf 89' lang='lat' dir='ltr'><strong>quiescentis,</strong></span> <span class='ocrx_word' id='word_1_141' title='bbox 832 2867 957 2943; x_wconf 88' lang='lat' dir='ltr'><strong>petram</strong></span> <span class='ocrx_word' id='word_1_142' title='bbox 990 2858 1222 2942; x_wconf 84' lang='lat' dir='ltr'><strong>pyramidalem</strong></span> 
     </span>
     <span class='ocr_line' id='line_1_23' title="bbox 267 2962 1221 3046; baseline 0.002 -22"><span class='ocrx_word' id='word_1_143' title='bbox 267 2967 333 3025; x_wconf 89' lang='lat' dir='ltr'><strong>tres</strong></span> <span class='ocrx_word' id='word_1_144' title='bbox 356 2962 453 3046; x_wconf 87' lang='lat' dir='ltr'><strong>pedes</strong></span> <span class='ocrx_word' id='word_1_145' title='bbox 478 2963 515 3026; x_wconf 91' lang='lat' dir='ltr'><strong>in</strong></span> <span class='ocrx_word' id='word_1_146' title='bbox 541 2963 721 3040; x_wconf 88' lang='lat' dir='ltr'><strong>altitudine,</strong></span> <span class='ocrx_word' id='word_1_147' title='bbox 745 2970 778 3026; x_wconf 92' lang='lat' dir='ltr'><strong>et</strong></span> <span class='ocrx_word' id='word_1_148' title='bbox 799 2970 866 3027; x_wconf 88' lang='lat' dir='ltr'><strong>tres</strong></span> <span class='ocrx_word' id='word_1_149' title='bbox 891 2963 927 3026; x_wconf 90' lang='lat' dir='ltr'><strong>in</strong></span> <span class='ocrx_word' id='word_1_150' title='bbox 952 2962 1165 3044; x_wconf 85' lang='lat' dir='ltr'><strong>longitudine,</strong></span> <span class='ocrx_word' id='word_1_151' title='bbox 1188 2968 1221 3026; x_wconf 89' lang='lat' dir='ltr'><strong>et</strong></span> 
     </span>
     <span class='ocr_line' id='line_1_24' title="bbox 266 3066 1221 3149; baseline 0.002 -21"><span class='ocrx_word' id='word_1_152' title='bbox 266 3085 369 3128; x_wconf 91' lang='lat' dir='ltr'><strong>unum</strong></span> <span class='ocrx_word' id='word_1_153' title='bbox 388 3066 423 3128; x_wconf 92' lang='lat' dir='ltr'><strong>in</strong></span> <span class='ocrx_word' id='word_1_154' title='bbox 444 3066 616 3130; x_wconf 87' lang='lat' dir='ltr'><strong>latitudine</strong></span> <span class='ocrx_word' id='word_1_155' title='bbox 632 3066 862 3145; x_wconf 85' lang='lat' dir='ltr'><strong>continentem,</strong></span> <span class='ocrx_word' id='word_1_156' title='bbox 879 3066 1120 3149; x_wconf 88' lang='lat' dir='ltr'><strong>insculptasque</strong></span> <span class='ocrx_word' id='word_1_157' title='bbox 1141 3066 1221 3130; x_wconf 89' lang='lat' dir='ltr'><strong>ima·</strong></span> 
     </span>
     <span class='ocr_line' id='line_1_25' title="bbox 268 3167 1221 3250; baseline 0.001 -19"><span class='ocrx_word' id='word_1_158' title='bbox 268 3167 358 3250; x_wconf 84' lang='lat' dir='ltr'><strong>gines</strong></span> <span class='ocrx_word' id='word_1_159' title='bbox 380 3168 516 3248; x_wconf 87' lang='lat' dir='ltr'><strong>abbatis,</strong></span> <span class='ocrx_word' id='word_1_160' title='bbox 540 3190 576 3233; x_wconf 86' lang='lat' dir='ltr'><strong>ac</strong></span> <span class='ocrx_word' id='word_1_161' title='bbox 597 3171 830 3234; x_wconf 90' lang='lat' dir='ltr'><strong>monachorum</strong></span> <span class='ocrx_word' id='word_1_162' title='bbox 855 3191 987 3233; x_wconf 92' lang='lat' dir='ltr'><strong>suorum</strong></span> <span class='ocrx_word' id='word_1_163' title='bbox 1013 3171 1221 3233; x_wconf 87' lang='lat' dir='ltr'><strong>circumstan-</strong></span> 
     </span>
     <span class='ocr_line' id='line_1_26' title="bbox 266 3271 1221 3358; baseline 0.002 -24"><span class='ocrx_word' id='word_1_164' title='bbox 266 3271 350 3335; x_wconf 89' lang='lat' dir='ltr'><strong>tium</strong></span> <span class='ocrx_word' id='word_1_165' title='bbox 366 3280 566 3355; x_wconf 69' lang='lat' dir='ltr'><strong>gestantem</strong></span> <span class='ocrx_word' id='word_1_166' title='bbox 590 3297 687 3358; x_wconf 88' lang='lat' dir='ltr'><strong>quam</strong></span> <span class='ocrx_word' id='word_1_167' title='bbox 702 3275 737 3338; x_wconf 88' lang='lat' dir='ltr'><strong>in</strong></span> <span class='ocrx_word' id='word_1_168' title='bbox 753 3274 941 3338; x_wconf 89' lang='lat' dir='ltr'><strong>memoriam</strong></span> <span class='ocrx_word' id='word_1_169' title='bbox 964 3274 1150 3350; x_wconf 85' lang='lat' dir='ltr'><strong>monasterii</strong></span> <span class='ocrx_word' id='word_1_170' title='bbox 1166 3273 1221 3336; x_wconf 93' lang='lat' dir='ltr'><strong>de-</strong></span> 
     </span>
     <span class='ocr_line' id='line_1_27' title="bbox 267 3376 1220 3460; baseline 0.001 -23"><span class='ocrx_word' id='word_1_171' title='bbox 267 3377 380 3439; x_wconf 86' lang='lat' dir='ltr'><strong>structi</strong></span> <span class='ocrx_word' id='word_1_172' title='bbox 402 3376 688 3452; x_wconf 88' lang='lat' dir='ltr'><strong>Medeshamstede</strong></span> <span class='ocrx_word' id='word_1_173' title='bbox 707 3378 855 3460; x_wconf 88' lang='lat' dir='ltr'><strong>deinceps</strong></span> <span class='ocrx_word' id='word_1_174' title='bbox 881 3397 994 3440; x_wconf 89' lang='lat' dir='ltr'><strong>omnes</strong></span> <span class='ocrx_word' id='word_1_175' title='bbox 1015 3376 1121 3438; x_wconf 89' lang='lat' dir='ltr'><strong>vocari</strong></span> <span class='ocrx_word' id='word_1_176' title='bbox 1145 3396 1220 3439; x_wconf 86' lang='lat' dir='ltr'><strong>con·</strong></span> 
     </span>
     <span class='ocr_line' id='line_1_28' title="bbox 267 3477 1220 3564; baseline 0.003 -25"><span class='ocrx_word' id='word_1_177' title='bbox 267 3485 455 3556; x_wconf 88' lang='lat' dir='ltr'><strong>senserunt;</strong></span> <span class='ocrx_word' id='word_1_178' title='bbox 480 3488 512 3543; x_wconf 87' lang='lat' dir='ltr'><strong>ct</strong></span> <span class='ocrx_word' id='word_1_179' title='bbox 527 3481 616 3544; x_wconf 87' lang='lat' dir='ltr'><strong>omni</strong></span> <span class='ocrx_word' id='word_1_180' title='bbox 631 3503 727 3559; x_wconf 91' lang='lat' dir='ltr'><strong>anno,</strong></span> <span class='ocrx_word' id='word_1_181' title='bbox 745 3479 899 3564; x_wconf 90' lang='lat' dir='ltr'><strong>quamdiu</strong></span> <span class='ocrx_word' id='word_1_182' title='bbox 909 3478 988 3543; x_wconf 82' lang='lat' dir='ltr'><strong>vixit</strong></span> <span class='ocrx_word' id='word_1_183' title='bbox 1004 3477 1109 3542; x_wconf 91' lang='lat' dir='ltr'><strong>dictus</strong></span> <span class='ocrx_word' id='word_1_184' title='bbox 1122 3477 1220 3542; x_wconf 87' lang='lat' dir='ltr'><strong>abbas</strong></span> 
     </span>
     <span class='ocr_line' id='line_1_29' title="bbox 269 3580 1221 3666; baseline 0.003 -23"><span class='ocrx_word' id='word_1_185' title='bbox 269 3580 435 3656; x_wconf 89' lang='lat' dir='ltr'><strong>Godricus</strong></span> <span class='ocrx_word' id='word_1_186' title='bbox 458 3583 556 3647; x_wconf 88' lang='lat' dir='ltr'><strong>semel</strong></span> <span class='ocrx_word' id='word_1_187' title='bbox 590 3584 697 3647; x_wconf 89' lang='lat' dir='ltr'><strong>locum</strong></span> <span class='ocrx_word' id='word_1_188' title='bbox 726 3583 870 3660; x_wconf 83' lang='lat' dir='ltr'><strong>visitans,</strong></span> <span class='ocrx_word' id='word_1_189' title='bbox 901 3602 1058 3665; x_wconf 86' lang='lat' dir='ltr'><strong>superque</strong></span> <span class='ocrx_word' id='word_1_190' title='bbox 1094 3588 1221 3666; x_wconf 89' lang='lat' dir='ltr'><strong>petram</strong></span> 
     </span>
     <span class='ocr_line' id='line_1_30' title="bbox 267 3685 1220 3771; baseline 0.003 -24"><span class='ocrx_word' id='word_1_191' title='bbox 267 3705 362 3748; x_wconf 90' lang='lat' dir='ltr'><strong>suum</strong></span> <span class='ocrx_word' id='word_1_192' title='bbox 384 3687 561 3750; x_wconf 88' lang='lat' dir='ltr'><strong>tentorium</strong></span> <span class='ocrx_word' id='word_1_193' title='bbox 580 3688 692 3770; x_wconf 85' lang='lat' dir='ltr'><strong>figens,</strong></span> <span class='ocrx_word' id='word_1_194' title='bbox 708 3709 766 3771; x_wconf 89' lang='lat' dir='ltr'><strong>pro</strong></span> <span class='ocrx_word' id='word_1_195' title='bbox 787 3685 955 3751; x_wconf 86' lang='lat' dir='ltr'><strong>animabus</strong></span> <span class='ocrx_word' id='word_1_196' title='bbox 974 3685 1095 3749; x_wconf 92' lang='lat' dir='ltr'><strong>ibidem</strong></span> <span class='ocrx_word' id='word_1_197' title='bbox 1116 3687 1220 3770; x_wconf 88' lang='lat' dir='ltr'><strong>sepul·</strong></span> 
     </span>
     <span class='ocr_line' id='line_1_31' title="bbox 265 3788 1221 3872; baseline 0.004 -23"><span class='ocrx_word' id='word_1_198' title='bbox 265 3793 373 3850; x_wconf 89' lang='lat' dir='ltr'><strong>torum</strong></span> <span class='ocrx_word' id='word_1_199' title='bbox 400 3788 514 3851; x_wconf 87' lang='lat' dir='ltr'><strong>missas</strong></span> <span class='ocrx_word' id='word_1_200' title='bbox 536 3809 594 3872; x_wconf 87' lang='lat' dir='ltr'><strong>per</strong></span> <span class='ocrx_word' id='word_1_201' title='bbox 616 3789 752 3852; x_wconf 91' lang='lat' dir='ltr'><strong>biduum</strong></span> <span class='ocrx_word' id='word_1_202' title='bbox 775 3789 943 3853; x_wconf 91' lang='lat' dir='ltr'><strong>devotione</strong></span> <span class='ocrx_word' id='word_1_203' title='bbox 965 3789 1120 3853; x_wconf 89' lang='lat' dir='ltr'><strong>continuo</strong></span> <span class='ocrx_word' id='word_1_204' title='bbox 1140 3790 1221 3854; x_wconf 89' lang='lat' dir='ltr'><strong>cele·</strong></span> 
     </span>
     <span class='ocr_line' id='line_1_32' title="bbox 241 3887 1219 3976; baseline 0.005 -25"><span class='ocrx_word' id='word_1_205' title='bbox 241 3914 244 3919; x_wconf 92' lang='lat'><em>·</em></span> <span class='ocrx_word' id='word_1_206' title='bbox 265 3887 379 3953; x_wconf 89' lang='lat' dir='ltr'><strong>bravit.</strong></span> <span class='ocrx_word' id='word_1_207' title='bbox 426 3891 447 3952; x_wconf 89' lang='lat' dir='ltr'><strong>J</strong></span> <span class='ocrx_word' id='word_1_208' title='bbox 448 3891 560 3955; x_wconf 83' lang='lat' dir='ltr'><strong>acebat</strong></span> <span class='ocrx_word' id='word_1_209' title='bbox 574 3891 610 3955; x_wconf 90' lang='lat' dir='ltr'><strong>in</strong></span> <span class='ocrx_word' id='word_1_210' title='bbox 624 3892 714 3975; x_wconf 85' lang='lat' dir='ltr'><strong>regia</strong></span> <span class='ocrx_word' id='word_1_211' title='bbox 727 3893 779 3957; x_wconf 80' lang='lat' dir='ltr'><strong>via</strong></span> <span class='ocrx_word' id='word_1_212' title='bbox 792 3915 849 3976; x_wconf 89' lang='lat' dir='ltr'><strong>per</strong></span> <span class='ocrx_word' id='word_1_213' title='bbox 864 3893 1007 3956; x_wconf 88' lang='lat' dir='ltr'><strong>medium</strong></span> <span class='ocrx_word' id='word_1_214' title='bbox 1023 3892 1099 3956; x_wconf 92' lang='lat' dir='ltr'><strong>dicti</strong></span> <span class='ocrx_word' id='word_1_215' title='bbox 1115 3913 1219 3957; x_wconf 91' lang='lat' dir='ltr'><strong>ceme-</strong></span> 
     </span>
     <span class='ocr_line' id='line_1_33' title="bbox 263 3991 1217 4079; baseline 0.006 -25"><span class='ocrx_word' id='word_1_216' title='bbox 263 3991 346 4070; x_wconf 86' lang='lat' dir='ltr'><strong>terii,</strong></span> <span class='ocrx_word' id='word_1_217' title='bbox 369 3991 492 4057; x_wconf 85' lang='lat' dir='ltr'><strong>habens</strong></span> <span class='ocrx_word' id='word_1_218' title='bbox 515 3995 634 4059; x_wconf 87' lang='lat' dir='ltr'><strong>dictam</strong></span> <span class='ocrx_word' id='word_1_219' title='bbox 656 4001 781 4079; x_wconf 85' lang='lat' dir='ltr'><strong>petram</strong></span> <span class='ocrx_word' id='word_1_220' title='bbox 804 3994 1051 4061; x_wconf 87' lang='lat' dir='ltr'><strong>ascendentibus</strong></span> <span class='ocrx_word' id='word_1_221' title='bbox 1074 3995 1114 4060; x_wconf 91' lang='lat' dir='ltr'><strong>de</strong></span> <span class='ocrx_word' id='word_1_222' title='bbox 1137 4017 1217 4078; x_wconf 86' lang='lat' dir='ltr'><strong>prae·</strong></span> 
     </span>
     <span class='ocr_line' id='line_1_34' title="bbox 263 4094 1218 4183; baseline 0.005 -26"><span class='ocrx_word' id='word_1_223' title='bbox 263 4094 349 4158; x_wconf 92' lang='lat' dir='ltr'><strong>dicto</strong></span> <span class='ocrx_word' id='word_1_224' title='bbox 371 4103 470 4179; x_wconf 91' lang='lat' dir='ltr'><strong>ponte</strong></span> <span class='ocrx_word' id='word_1_225' title='bbox 492 4098 617 4182; x_wconf 92' lang='lat' dir='ltr'><strong>lapideo</strong></span> <span class='ocrx_word' id='word_1_226' title='bbox 635 4120 744 4162; x_wconf 87' lang='lat' dir='ltr'><strong>versus</strong></span> <span class='ocrx_word' id='word_1_227' title='bbox 767 4099 919 4183; x_wconf 89' lang='lat' dir='ltr'><strong>Hoyland</strong></span> <span class='ocrx_word' id='word_1_228' title='bbox 942 4099 984 4163; x_wconf 90' lang='lat' dir='ltr'><strong>ad</strong></span> <span class='ocrx_word' id='word_1_229' title='bbox 1005 4098 1161 4177; x_wconf 84' lang='lat' dir='ltr'><strong>dextram,</strong></span> <span class='ocrx_word' id='word_1_230' title='bbox 1185 4104 1218 4162; x_wconf 89' lang='lat' dir='ltr'><strong>et</strong></span> 
     </span>
     <span class='ocr_line' id='line_1_35' title="bbox 263 4201 1217 4286; baseline 0.004 -26"><span class='ocrx_word' id='word_1_231' title='bbox 263 4217 391 4262; x_wconf 88' lang='lat' dir='ltr'><strong>crucem</strong></span> <span class='ocrx_word' id='word_1_232' title='bbox 420 4201 580 4284; x_wconf 89' lang='lat' dir='ltr'><strong>lapideam</strong></span> <span class='ocrx_word' id='word_1_233' title='bbox 610 4201 756 4267; x_wconf 88' lang='lat' dir='ltr'><strong>similiter</strong></span> <span class='ocrx_word' id='word_1_234' title='bbox 784 4203 926 4286; x_wconf 82' lang='lat' dir='ltr'><strong>imagine</strong></span> <span class='ocrx_word' id='word_1_235' title='bbox 960 4201 1134 4264; x_wconf 87' lang='lat' dir='ltr'><strong>Salvatoris</strong></span> <span class='ocrx_word' id='word_1_236' title='bbox 1168 4201 1217 4265; x_wconf 92' lang='lat' dir='ltr'><strong>in·</strong></span> 
     </span>
     <span class='ocr_line' id='line_1_36' title="bbox 264 4300 1216 4389; baseline 0.005 -27"><span class='ocrx_word' id='word_1_237' title='bbox 264 4300 433 4385; x_wconf 89' lang='lat' dir='ltr'><strong>sculptam,</strong></span> <span class='ocrx_word' id='word_1_238' title='bbox 450 4325 547 4387; x_wconf 90' lang='lat' dir='ltr'><strong>quam</strong></span> <span class='ocrx_word' id='word_1_239' title='bbox 569 4304 740 4389; x_wconf 74' lang='lat' dir='ltr'><strong>pradictus</strong></span> <span class='ocrx_word' id='word_1_240' title='bbox 763 4304 861 4370; x_wconf 86' lang='lat' dir='ltr'><strong>abbas</strong></span> <span class='ocrx_word' id='word_1_241' title='bbox 878 4305 1036 4370; x_wconf 81' lang='lat' dir='ltr'><strong>Godricus</strong></span> <span class='ocrx_word' id='word_1_242' title='bbox 1056 4311 1136 4368; x_wconf 90' lang='lat' dir='ltr'><strong>tunc</strong></span> <span class='ocrx_word' id='word_1_243' title='bbox 1157 4303 1216 4368; x_wconf 91' lang='lat' dir='ltr'><strong>ibi·</strong></span> 
     </span>
    </p>
   </div>
   <div class='ocr_carea' id='block_1_3' title="bbox 0 0 1614 5098">
    <p class='ocr_par' dir='ltr' id='par_1_3' title="bbox 0 0 1614 5098">
     <span class='ocr_line' id='line_1_37' title="bbox 0 0 1614 5098; baseline 0 5"><span class='ocrx_word' id='word_1_244' title='bbox 0 0 1614 5098; x_wconf 95' lang='lat' dir='ltr'><strong> </strong></span> 
     </span>
    </p>
   </div>
  </div>
 </body>
</html>
