3212 5102
627 647 917 693 rnrarauaoaasn.
1185 635 1247 698 107

295 761 337 828 de
362 764 545 845 Leicestria,
572 772 604 830 et
630 787 737 832 comes
763 767 803 831 de
826 767 989 848 Ferrariis,
1014 770 1168 834 etmulti
1194 771 1249 834 alii

295 868 428 932 comites
444 869 726 949 etbarones31ed
741 877 774 934 et
788 870 849 935 viri
863 871 1076 951 ecclesiastici,
1092 873 1247 958 archiepi-

296 971 383 1054 scopi
394 973 572 1050 Remensis,
583 973 852 1056 Rothomegensis
864 980 896 1037 et
906 974 1165 1053 cantuariensis5
1182 977 1248 1060 epi·

296 1076 382 1159 scopi
401 1077 629 1156 Belluacensis,
649 1077 899 1157 Salisburiensis,
920 1085 953 1143 et
969 1079 1195 1158 Norwioensis,
1214 1085 1248 1143 et

296 1177 485 1242 inferiorum
506 1180 624 1262 gradus
644 1181 749 1259 multi,
766 1201 859 1244 cruce
875 1181 993 1263 signati
1009 1188 1095 1246 sunt.
1140 1183 1248 1266 Impe-

296 1289 384 1346 rator
399 1284 498 1347 etiam
513 1284 710 1362 Fredericus,
726 1305 801 1348 cum
819 1291 951 1348 centum
966 1291 999 1348 et
1015 1285 1250 1368 quinquaginta

297 1386 450 1465 millibus,
465 1388 528 1451 iter
545 1388 632 1451 istud
652 1387 784 1471 accepit.
830 1387 921 1452 Obiit
936 1395 1065 1454 sanctus
1082 1388 1249 1452 Gilbertus

299 1489 556 1574 Sempringham.

595 1686 827 1752 RIOARDUS
851 1687 953 1752 REX.

341 1814 427 1878 A.D.
445 1816 540 1878 1189.
575 1813 667 1878 Obiit
683 1814 845 1878 Henricus
860 1835 915 1879 rex
930 1814 1059 1898 Angliae
1074 1814 1159 1899 apud
1175 1816 1250 1880 Chi-

299 1939 379 1980 num
394 1917 562 1982 castellum
581 1939 687 1995 suum,
704 1917 852 1981 secundo.
865 1938 1025 1981 nonarum
1040 1918 1062 1981 J
1064 1918 1129 1996 ulii,
1146 1918 1250 2001 sepul-

298 2025 416 2102 tusque
438 2027 487 2084 est
509 2019 595 2102 apud
616 2019 771 2084 moniales
793 2019 905 2084 Fontis
927 2020 1082 2099 Ebrardi3
1106 2021 1158 2084 cui
1181 2042 1250 2085 suo-

301 2121 395 2186 cessit
411 2120 569 2185 Ricardus
585 2142 690 2185 comes
705 2122 911 2202 Pictavensis,
927 2123 1012 2186 filius
1027 2122 1106 2206 ejus.
1139 2123 1252 2186 Mores

302 2224 437 2288 Henrici
458 2224 542 2306 regis
565 2224 690 2307 scripsit
710 2225 901 2308 Radulphus
920 2224 1033 2307 Niger,
1053 2225 1150 2308 hujus
1169 2231 1251 2290 tem-

204 2345 207 2356 ·
300 2326 386 2410 poris
406 2346 498 2390 verus
520 2326 804 2410 historiographus.
850 2329 920 2392 Rex
942 2328 1099 2392 Ricardus
1121 2349 1252 2392 corona-

301 2438 356 2495 tur
373 2430 552 2495 Londoniae
572 2452 591 2494 a
610 2429 777 2495 Baldwino
796 2430 1040 2515 archiepiscopo,
1056 2431 1148 2515 cujus
1163 2452 1252 2495 coro-

301 2535 428 2599 nationi
449 2533 557 2599 Judaei
579 2555 612 2598 se
633 2534 827 2616 ingerentes,
846 2533 940 2618 ejecti
962 2540 995 2598 et
1016 2535 1101 2598 male
1122 2535 1253 2598 tractati
1345 2579 1347 2584 ,

302 2646 389 2718 sunt,
418 2645 457 2702 ut
493 2637 621 2702 circiter
649 2637 785 2720 triginta
810 2637 989 2702 Londouiae
1017 2637 1251 2701 occiderentur.

300 2741 399 2825 Apud
427 2741 610 2807 Eboracum
639 2741 681 2804 ad
710 2740 878 2805 castellum
909 2740 995 2823 regis
1026 2739 1254 2824 quadringenti

301 2845 472 2928 fugientes,
494 2865 563 2908 sese
582 2849 698 2906 mutuo
717 2848 933 2927 peremerunt.
980 2841 1162 2906 Ponderato
1182 2841 1253 2905 the·

302 2969 397 3012 sauro
415 2947 515 3031 patris
536 2946 595 3025 sui,
611 2945 735 3010 invenit
749 2966 806 3009 rex
821 2945 978 3009 Ricardus
992 2944 1101 3008 novies
1121 2950 1254 3008 centum

301 3051 390 3114 mille
406 3050 504 3114 libras
518 3050 554 3112 in
569 3069 647 3112 auro
667 3055 700 3112 et
720 3053 863 3130 argento,
879 3054 952 3130 post
967 3046 1077 3110 debita
1091 3047 1204 3127 soluta,
1221 3054 1254 3111 et

302 3152 466 3216 satisfacto
486 3153 555 3235 ejus
575 3155 781 3215 testamento.
827 3148 1007 3232 Imperator
1022 3148 1202 3212 Fridericns
1218 3149 1255 3213 in

304 3255 443 3337 quodam
457 3255 553 3318 fluvio
567 3274 676 3318 versus
692 3253 828 3316 Terram
845 3252 998 3315 Sanctam
1013 3251 1176 3314 demersus
1195 3258 1253 3316 est.

346 3357 431 3421 A.D.
457 3359 552 3420 1190.
597 3355 765 3437 Philippus
788 3373 846 3416 rex
868 3353 1012 3417 Franciae
1037 3359 1070 3416 et
1097 3353 1256 3417 Ricardus

303 3482 360 3526 rex
378 3460 516 3544 Angliae,
537 3466 570 3523 et
592 3458 760 3541 Philippus
782 3477 888 3521 comes
910 3455 1078 3534 Flandriae,
1100 3456 1254 3540 archiepi-

305 3585 418 3647 scopus
441 3562 636 3641 Baldwinus,
659 3582 734 3625 cum
756 3559 867 3623 multis
889 3558 968 3638 aliis,
991 3579 1100 3622 versus
1122 3558 1254 3622 Terram

306 3667 459 3732 Sanctam
481 3666 544 3730 iter
569 3664 784 3748 arripuerunt.
830 3663 935 3744 Reges
955 3682 1030 3725 vero
1051 3661 1197 3744 praedicti
1218 3662 1255 3726 in

306 3770 415 3834 Sicilia
437 3769 523 3853 apud
545 3769 732 3832 Messanam
753 3764 951 3830 hiemabant.
996 3764 1182 3828 Baldwinus
1206 3786 1256 3828 ar·

305 3872 524 3956 chiepiseopus
535 3870 728 3948 cantuariae,
739 3868 930 3951 Radulphus
944 3867 1079 3948 Fulgers
1093 3888 1199 3932 comes
1215 3867 1255 3932 de

304 3976 437 4056 Perche,
467 3997 572 4041 comes
604 3974 774 4053 Blesensis,
807 3972 990 4057 Stephanus
1019 3992 1126 4036 comes
1155 3972 1255 4036 frater

304 4078 385 4163 ejus,
401 4079 568 4144 Comedus
585 4079 671 4142 filius
689 4075 850 4141 Frederici
868 4073 1079 4159 imperatoris,
1094 4094 1200 4137 comes
1215 4072 1255 4137 de

303 4181 467 4262 Ferrariis,
497 4203 603 4247 comes
638 4181 678 4245 de
714 4179 898 4258 Leicestria,
929 4199 1004 4242 cum
1032 4176 1144 4239 multis
1174 4175 1253 4254 aliis,

304 4293 421 4357 Achon
436 4291 642 4376 applicantes,
658 4310 697 4354 ex
710 4288 895 4373 pestilentia
909 4285 1069 4352 obicumt.
