3212 5102
622 651 909 699 rururauaonusn.
1174 635 1236 696 165

286 772 411 837 Mariae.
456 773 500 837 Et
519 774 573 850 sic,
589 781 661 857 post
680 774 800 837 multos
815 773 968 837 'horrores
990 777 1176 850 nocturnos,
1191 773 1239 837 sol

286 884 375 940 ortus
396 883 445 940 est
466 876 592 960 Anglis.
638 876 797 960 Magister
811 876 976 940 Walterus
997 875 1036 938 de
1057 874 1238 959 Stapylton,

289 978 455 1061 episcopus
482 979 673 1060 llxoniensis
699 986 732 1042 et
758 978 966 1042 cancellarius
993 978 1114 1042 domiui
1141 979 1237 1061 regis,

290 1101 390 1162 quum
414 1080 516 1143 claves
541 1079 728 1155 Londoniae,
750 1080 791 1143 ad
815 1080 1007 1163 capiendum
1032 1080 1159 1144 sicarios
1186 1081 1240 1165 qui

286 1181 351 1245 illic
367 1181 602 1264 grassabantur,
618 1182 679 1246 sibi
693 1182 777 1246 tradi
797 1183 907 1247 minus
921 1184 1051 1267 provide
1065 1185 1238 1264 insisteret,

288 1305 345 1369 per
368 1284 497 1349 eosdem
520 1284 556 1348 in
580 1285 712 1349 ecclesia
736 1286 839 1350 sancti
863 1287 955 1350 Pauli
979 1295 1102 1370 captus,
1127 1295 1160 1351 et
1183 1309 1241 1371 per

287 1387 383 1471 pedes
397 1387 432 1450 iu
446 1388 628 1470 proximum
642 1388 747 1452 vicum
764 1396 855 1452 extra
869 1390 1088 1454 coemetcrium
1104 1397 1239 1467 tractus,

289 1489 330 1554 ab
346 1490 465 1554 eisdem
482 1491 658 1556 decollatus
673 1499 733 1556 est.

339 1594 424 1658 AD.
448 1597 541 1660 1327.
586 1594 747 1659 Dominus
772 1594 965 1660 Edmundus
988 1595 1029 1659 de
1050 1595 1240 1674 Wodestok,

288 1717 393 1761 comes
423 1697 556 1775 Cantiae,
587 1704 754 1761 accuratus
792 1697 832 1762 ab
866 1698 1052 1762 adversariis
1088 1698 1239 1763 Johanne

288 1801 491 1865 Mautravers
507 1808 540 1864 et
554 1801 624 1865 aliis
637 1802 724 1885 pacis
739 1801 1024 1886 perturbatoribus,
1038 1802 1124 1886 quod
1140 1803 1241 1866 domi-

288 1927 369 1968 num
384 1905 579 1969 Edwardum
597 1904 759 1988 quondam
779 1928 889 1988 regem
907 1906 1040 1970 fratrem
1062 1928 1158 1970 suum
1179 1907 1261 1970 ite--

287 2031 362 2072 rum
382 2009 418 2072 in
439 1997 549 2092 regern
572 2009 693 2074 elevare
716 2021 897 2090 conaretur,
918 2012 1112 2094 praevaleute
1134 2010 1240 2074 adhuc

288 2111 461 2197 impiorum
486 2113 640 2197 nequitia,
665 2112 898 2179 condemnatus
917 2120 957 2178 'et
983 2114 1158 2178 decollatus
1181 2120 1241 2177 est.

289 2217 448 2280 Dominus
463 2217 644 2282 Willelmus
665 2217 705 2282 de
725 2219 863 2296 Melton,
879 2218 1133 2302 archiepiscopus
1154 2218 1241 2282 Ebo-

288 2320 437 2399 racensis,
459 2342 553 2404 super
572 2321 684 2386 eodem
706 2322 880 2400 convictus,
902 2328 935 2385 et
958 2322 1058 2406 gratis
1078 2322 1242 2386 confessus

290 2432 349 2503 est,
377 2424 463 2508 quod
493 2446 526 2489 se
550 2431 583 2488 et
609 2447 667 2488 sua
693 2424 734 2488 ad
758 2425 819 2488 hoc
844 2424 983 2488 libenter
1007 2432 1190 2509 exponeret,
1216 2425 1243 2488 si

291 2528 555 2592 commodiferum
583 2549 684 2611 regno
714 2535 864 2612 speraret,
895 2535 1006 2592 tamen
1035 2529 1167 2612 impune
1193 2535 1242 2592 est

289 2631 448 2696 dimissus.
507 2632 668 2697 Dominus
697 2631 884 2711 Edwardus,
915 2633 1076 2715 quondam
1109 2654 1176 2711 rex,
1206 2631 1243 2695 in

289 2737 418 2800 castello
439 2736 478 2801 de
493 2736 651 2820 Berkeley
664 2756 793 2819 vespere
816 2758 922 2814 sanus,
938 2736 974 2799 in
993 2736 1133 2800 crastino
1156 2757 1240 2799 mor-

287 2843 364 2902 tuus
394 2845 443 2902 est
472 2839 632 2903 inventus.
694 2838 782 2903 Scoti
815 2860 891 2902 cum
926 2838 1077 2918 exercitu,
1109 2839 1242 2903 ductore

289 2942 419 3006 domino
437 2943 458 3006 J
459 2942 557 3006 acobo
572 2941 725 3025 Douglas,
741 2941 896 3023 Angliam
915 2941 1084 3016 intrantes,
1101 2941 1157 3005 sed
1171 2941 1241 3005 An-

290 3046 415 3128 glorum
429 3065 505 3128 rege
519 3044 640 3108 novitio
655 3051 853 3121 occurrente,
869 3044 904 3106 in
919 3065 1014 3127 parco
1030 3045 1070 3108 de
1087 3044 1241 3107 Stanhow

289 3147 496 3226 resederimt3
534 3168 613 3230 quos
643 3167 743 3229 quum
768 3146 869 3227 Angli
898 3145 1019 3210 ibidem
1048 3145 1243 3224 obsiderent,

289 3249 415 3333 ignium
426 3249 515 3313 fumo
531 3271 610 3333 quos
622 3247 771 3313 omuibus
787 3247 935 3312 noctibus
951 3249 1075 3332 copiose
1091 3248 1243 3331 agebant,

289 3360 323 3418 et
337 3351 469 3416 tandem
484 3353 562 3416 tecti
576 3350 742 3416 nocturnis
758 3351 910 3430 tenebris,
926 3359 1105 3416 evaserunt.
1350 3407 1351 3410 ,

333 3456 530 3520 A.D.1328.
575 3455 736 3518 Dominus
759 3457 908 3537 Rogerus
931 3457 970 3519 de
992 3455 1126 3520 Mortuo
1148 3456 1245 3536 Mari,

290 3559 427 3623 nimium
448 3568 562 3643 potens
583 3559 619 3621 in
639 3579 765 3622 camera
787 3557 925 3623 dominae
949 3558 1108 3637 Isabella,
1132 3560 1245 3624 matris

290 3664 384 3747 regis,
413 3670 509 3746 prout
539 3663 714 3739 dicebatur,
744 3683 920 3746 purpuram
949 3662 1121 3726 affectabat
1133 3689 1143 3742 3
1182 3663 1245 3727 evi-

290 3767 470 3852 dentiisque
491 3768 682 3854 quibusdam
701 3767 873 3850 conceptis,
889 3788 987 3852 quum
1002 3789 1059 3832 rex
1080 3775 1113 3831 et
1133 3767 1246 3851 regina

291 3870 332 3935 ad
357 3872 584 3954 Nottingham,
611 3880 715 3936 matre
744 3872 930 3951 insalutata,
958 3871 998 3936 de
1022 3872 1130 3956 Kyma
1155 3871 1244 3935 festi-

289 3983 417 4054 narent,
432 3977 603 4059 praedictus
626 3975 774 4040 dominus
798 3977 944 4060 Rogerus
967 3996 1004 4040 ac
1027 3985 1130 4040 mater
1146 3976 1243 4058 regis,

290 4081 480 4163 compendia
501 4087 677 4162 carpentes,
701 4080 797 4144 simul
820 4101 894 4144 cum
916 4100 992 4163 rege
1015 4080 1181 4143 castellum
1204 4079 1244 4143 de

289 4182 508 4265 Nottingham
523 4183 734 4247 intraverunt.
780 4181 922 4246 Domina
937 4181 1076 4245 Isabella
1091 4200 1128 4244 ac
1144 4179 1244 4244 domi-

290 4289 522 4372 nungogerus
542 4308 616 4351 cum
641 4286 706 4351 suis
728 4286 816 4350 iufra
837 4285 1015 4364 castellum,
1038 4305 1094 4348 rex
1116 4304 1190 4347 vero
1212 4291 1245 4348 et
