3226 5100
632 656 921 700 rnrnrauaonnsn.
1209 638 1252 702 37
1272 721 1274 724 ¹

301 770 465 854 quosdam,
491 771 707 837 sciscitantem
730 773 770 838 de
795 774 912 839 futuris
937 773 1126 858 pradictum
1156 782 1253 859 caput

194 886 198 890 ’
302 895 377 938 eum
400 875 597 941 certificabat
622 878 672 941 vel
702 879 889 943 affirmative
914 879 963 942 vel
985 879 1143 962 negative,
1165 879 1253 944 unde

302 976 421 1042 dicitur
435 979 561 1043 audisse
576 1001 610 1044 se
624 987 704 1044 tunc
718 983 922 1060 moriturum,
939 1003 1039 1066 quum
1058 982 1144 1065 apud
1159 982 1180 1046 J
1181 1003 1253 1046 eru-

302 1081 400 1145 salem
430 1082 560 1146 missam
590 1084 790 1164 celebrasset,
817 1091 850 1149 et
875 1106 941 1149 non
969 1091 1062 1149 ante:
1101 1085 1254 1169 deceptus

302 1206 378 1268 ergo
399 1186 540 1250 nominis
563 1188 821 1270 aequivocatione,
842 1210 942 1271 quum
963 1188 999 1251 in
1021 1189 1154 1253 ecclesia
1176 1210 1254 1273 qua·

302 1288 376 1352 dam
399 1289 520 1370 Romae,
536 1311 607 1373 quae
623 1290 802 1373 Jerusalem
825 1290 952 1369 dicitur,
969 1291 1076 1354 divina
1098 1291 1252 1356 celebras-

302 1399 360 1470 set,
384 1377 525 1476 graviter
546 1393 729 1457 infirmatus
751 1395 788 1457 in
813 1395 993 1458 Jerusalem
1019 1416 1052 1459 se
1076 1396 1253 1462 celebrasse

301 1496 465 1578 comperit,
482 1502 515 1560 et
530 1497 724 1561 moriturum
738 1497 908 1580 cognorit3
925 1497 1104 1562 detestatus
1119 1498 1253 1562 tandem

303 1597 418 1662 diaboli
435 1598 612 1684 deceptoris
623 1600 825 1680 famulatum,
838 1600 984 1664 membra
995 1601 1111 1683 quibus
1126 1601 1253 1668 diabolo

303 1708 334 1764 et
349 1702 530 1766 hominium
545 1708 577 1767 et
593 1704 756 1768 servitium
770 1704 901 1782 fecerat,
917 1703 1130 1787 praesentibus
1150 1704 1254 1768 cardi.-

301 1805 429 1868 nalibus
448 1807 616 1870 veritatem
634 1807 807 1886 confessus,
831 1807 992 1890 amputari
1012 1805 1099 1886 fecit,
1118 1814 1152 1870 et
1169 1808 1253 1872 foras

302 1908 413 1992 projici
422 1934 432 1986 3
456 1930 569 1992 corpus
585 1930 739 1988 asserens,
755 1931 823 1972 non
842 1909 993 1987 animam,
1009 1910 1078 1993 ejus
1092 1911 1254 1993 pollutum

302 2010 471 2094 obsequiis.
520 2013 702 2077 Willelmus
728 2011 1027 2076 Malmesburiensis
1052 2013 1162 2077 scribit
1185 2013 1253 2078 haec

301 2114 336 2177 in
351 2114 500 2179 chronica
515 2137 574 2180 sua
588 2116 628 2180 de
643 2118 664 2180 J
666 2116 793 2180 ohanne
815 2138 898 2200 papa
913 2116 995 2181 XVI
1003 2141 1013 2194 3
1036 2116 1092 2180 sed
1108 2117 1254 2184 Martino

301 2218 409 2301 potius
427 2218 622 2283 credendum
643 2227 701 2298 est,
718 2219 773 2302 qui
792 2219 935 2283 seriatim
953 2226 987 2283 et
1006 2219 1100 2302 plene
1120 2226 1190 2284 tam
1212 2220 1252 2284 de

301 2321 391 2404 papis
415 2343 513 2405 quam
534 2322 574 2386 de
591 2322 837 2406 imperatoribus
856 2323 1007 2402 scribens,
1028 2329 1060 2386 et
1081 2323 1253 2407 cujuslibet

302 2445 403 2506 genus
426 2431 459 2491 et
479 2445 610 2509 corpora
628 2447 665 2490 ac
685 2433 777 2509 gesta
795 2433 923 2509 notans,
944 2427 1031 2490 hunc
1054 2427 1253 2511 Sylrestrum

302 2529 478 2592 secundum
493 2529 581 2594 dicit.
610 2581 614 2588 .

356 2633 443 2696 Dani
479 2633 716 2697 Normanniam
751 2634 895 2698 adeunt:
932 2656 990 2698 rex
1018 2655 1093 2698 vero
1120 2633 1251 2717 Angliae

300 2735 495 2800 Ethelredus
509 2744 630 2801 terram
646 2737 862 2802 Oumbrorum
875 2739 942 2802 fere
959 2744 1062 2802 totam
1080 2737 1252 2821 depopula-

301 2845 354 2902 tus
377 2845 436 2903 est.
482 2840 632 2904 Iuventio
654 2841 757 2904 sancti
773 2843 891 2906 Yvonis
913 2842 949 2905 in
971 2841 1133 2906 territorio
1157 2841 1252 2904 Hun-

301 2942 510 3026 tingdonensi
523 2943 559 3008 iu
573 2944 648 3008 villa
663 2944 749 3008 dicta
765 2946 868 3028 Slcpe.
914 2945 1005 3009 Obiit
1020 2944 1182 3010 Robertus
1197 2965 1253 3012 rex

302 3047 508 3126 Francorum,
524 3047 577 3112 cui
592 3048 743 3113 successit
760 3049 932 3113 Henricus,
963 3051 1041 3112 Post
1054 3049 1254 3133 sylvestrum

302 3150 323 3212 J
324 3150 467 3214 ohannes
482 3149 616 3230 XVIII,
633 3151 685 3215 cui
700 3154 851 3216 successit
866 3154 948 3216 alter
962 3153 983 3215 J
984 3153 1128 3216 ohannes
1142 3152 1238 3216 XIX.

344 3255 428 3317 A.D.
462 3258 556 3320 1001.
617 3255 704 3319 Dani
734 3257 773 3319 de
802 3255 1007 3319 Normannia
1034 3255 1070 3318 in
1099 3255 1253 3337 Angliam

301 3356 473 3421 redeuntes
495 3357 603 3422 omnia
625 3359 834 3435 conculcant,
858 3355 914 3420 sed
932 3379 989 3420 rex
1009 3357 1151 3440 periculo
1172 3378 1252 3440 prae·

302 3482 425 3539 cavens,
442 3463 564 3526 tributo
586 3462 701 3546 viginti
723 3469 756 3526 et
779 3469 916 3544 quatuor
937 3460 1076 3525 millium
1097 3461 1253 3526 librarum

302 3585 355 3628 eos
371 3587 390 3628 a
405 3586 438 3628 se
453 3566 565 3630 cedere
579 3566 665 3632 fecit.

343 3668 541 3734 A.D.1ooa
588 3668 766 3754 Imperator
790 3669 878 3734 Otho
901 3670 957 3733 III
984 3668 1074 3750 obiit,
1099 3670 1152 3733 cui
1181 3691 1252 3734 suc·

271 3853 273 3859 y
301 3770 395 3834 cessit
421 3770 592 3850 Henricus,
618 3773 709 3857 cujus
738 3772 820 3836 mira
844 3779 935 3856 gesta
960 3781 1135 3838 narrantur
1158 3782 1191 3839 et
1217 3775 1253 3839 in

300 3872 445 3955 legendis
466 3882 660 3955 sanctorum,
677 3882 710 3939 et
732 3876 818 3960 apud
833 3877 1033 3941 Willelmum
1052 3878 1251 3942 Malmesbu-

300 3975 448 4039 riensem.
496 3976 617 4039 Omnes
633 3977 721 4042 Dani
735 3981 956 4064 cujuscunque
976 4002 1069 4044 sexus
1085 3981 1134 4046 vel
1149 3981 1253 4045 aetatis

297 4081 391 4162 jussu
410 4080 495 4161 regis
517 4102 583 4143 uno
603 4080 654 4146 die
673 4103 731 4166 per
749 4090 853 4148 totam
867 4085 1021 4168 Angliam
1041 4085 1251 4162 occiduntur3

301 4182 387 4264 quod
416 4189 527 4266 postea
556 4184 645 4247 nefas
675 4187 859 4268 gravissime
885 4188 1038 4271 punitum
1063 4195 1122 4251 est.
1173 4186 1253 4252 Haeo

300 4285 415 4349 occisio
440 4285 526 4350 facta
549 4294 599 4350 est
623 4288 763 4353 infesto
791 4291 893 4354 sancti
920 4291 1040 4356 Brittii.
1086 4292 1157 4356 Rex
1178 4312 1254 4356 vero
