3226 5100
635 661 929 706 rururunuouusu.
1215 647 1234 709 7

326 773 413 838 Α.Ι).
435 777 509 841 745.
560 776 811 858 Karlomannus,
834 799 936 863 regno
961 779 1074 846 relicto
1098 780 1235 864 Pippino

283 874 376 939 fratri
391 897 460 957 suo,
476 879 614 944 Romam
628 880 718 960 adiit,
734 888 768 947 et
786 882 823 946 in
840 890 953 950 monte
975 884 1108 950 Soracte
1122 905 1235 951 monu-

284 980 382 1044 chum
397 1003 432 1047 se
445 981 533 1048 fecit.

326 1084 412 1150 Α.Ι).
430 1087 503 1152 746.
542 1087 699 1172 Pippinus
722 1089 762 1155 de
784 1089 958 1176 subregulo
979 1093 1085 1158 factus
1106 1099 1156 1159 est
1177 1113 1234 1159 rer

283 1186 491 1268 Francorum,
506 1212 590 1275 papa
604 1192 758 1258 Zacharia
771 1193 805 1258 id
819 1195 889 1259 fieri
904 1195 1107 1261 decernente.

189 1303 191 1308 '
325 1291 411 1356 Α.Ι).
424 1296 498 1360 750.
540 1295 697 1380 Pippinus
709 1296 837 1364 decreto
848 1299 1009 1365 Zacharias
1023 1300 1231 1385 papaeinim-

280 1402 460 1478 peratorem
480 1398 654 1484 inungitur
676 1422 697 1465 a
717 1402 884 1468 Bonifacio
906 1403 1105 1488 Magantino
1128 1405 1232 1468 archi-
1298 1466 1300 1471 ,

281 1499 444 1584 episcopo:
466 1501 555 1568 unde
573 1504 750 1569 secundum
768 1505 875 1571 locum
892 1513 965 1591 post
987 1507 1154 1571 dominum
1173 1530 1229 1591 pa-

280 1622 356 1684 pam
370 1603 496 1671 obtinet
511 1606 739 1688 Magantinus.

324 1706 408 1771 Α.Ι).
425 1711 498 1773 752.
549 1709 718 1776 Zacharias
741 1732 825 1796 papa
847 1711 946 1777 obiit:
980 1711 1132 1778 suecessit
1157 1713 1229 1778 Ste-

280 1810 417 1892 phanus.

324 1913 408 1978 Α.Ι).
426 1917 499 1980 753.
538 1914 723 2001 Stephanus
737 1937 821 2001 papa
834 1937 910 1981 cum
925 1915 1147 1981 Karlomanno
1160 1937 1229 1982 mo-

278 2015 383 2081 nacho
415 2018 451 2081 in
480 2019 650 2083 Franciam
682 2019 824 2099 veniens,
854 2019 1008 2084 auxilium
1042 2039 1062 2084 a
1091 2019 1229 2104 Pippino

279 2126 392 2184 contra
405 2121 605 2207 Astulphum
623 2144 735 2208 regem
754 2122 1043 2208 Longobardorum
1064 2123 1225 2207 implorat,

279 2227 312 2284 et
326 2221 488 2305 impetrat.

321 2325 406 2389 Α.Ι).
423 2328 497 2392 754.
530 2326 714 2412 Stephanus
728 2329 817 2414 Papa
836 2329 930 2395 unxit
950 2329 1031 2395 duos
1049 2329 1131 2394 filios
1151 2330 1226 2414 Pip-

277 2427 346 2510 pini
361 2429 396 2492 in
410 2429 628 2513 imperatores,
641 2432 900 2496 Karlomannum
911 2439 944 2498 et
954 2454 1110 2516 magnum
1123 2433 1226 2498 Karo-

276 2531 356 2611 lum,
382 2534 512 2599 Parisiis
537 2535 650 2619 quinto
677 2535 899 2600 Kalendarum
924 2536 1076 2620 Augusti.
1122 2536 1226 2602 Cuth-

276 2632 387 2700 bertus
402 2657 459 2701 rex
472 2637 723 2703 Westsaxonum
737 2638 827 2703 obiit.
1299 2645 1301 2652 “

318 2738 361 2802 A.
371 2739 413 2803 D.
441 2743 516 2805 755.
566 2741 705 2806 Sanctus
741 2741 927 2806 Bonifacius
969 2741 1225 2826 archiepiscopus

276 2840 493 2926 Maguntinus
537 2844 573 2908 in
614 2845 717 2910 Frisia
762 2846 940 2930 praedicans
985 2845 1221 2931 martyrizatur.

275 2945 487 3012 Ethelbaldus
507 2969 564 3013 rex
587 2949 787 3014 Merciorum
815 2949 851 3013 in
876 2949 1079 3034 Seggeswald
1108 2949 1223 3016 occidi-

273 3053 338 3114 tur.

316 3152 402 3218 Α.Ι).
420 3157 494 3221 757.
525 3155 709 3240 Stephanus
723 3179 807 3242 papa
820 3156 918 3222 obiit:
934 3156 1086 3222 suecessit
1100 3156 1222 3222 Paulus

273 3279 446 3342 germanus
467 3260 567 3327 frater
588 3263 667 3347 ejus.
712 3262 875 3328 Edbertus
896 3283 953 3326 rex
972 3262 1220 3327 Northanhum·

271 3361 414 3444 brorum,
429 3365 496 3430 filio
510 3387 569 3431 suo
582 3387 684 3450 regno
698 3367 821 3444 relicto,
836 3366 1031 3430 monachum
1046 3387 1080 3430 se
1094 3365 1180 3430 fecit.

314 3465 400 3531 Α.Ι).
422 3470 496 3533 758.
546 3469 745 3535 Outhbertu's
769 3468 1024 3552 archiepiscopus
1049 3467 1218 3534 cantuari-

272 3568 357 3632 ensis
372 3569 469 3635 obiit:
494 3572 646 3638 suecessit
660 3571 859 3656 Bregwiuus.

314 3671 400 3737 Α.Ι).
422 3676 495 3739 759.
530 3675 686 3761 Pippinus
708 3674 882 3740 Saxoniam
902 3673 1094 3760 ingreditur,
1110 3681 1144 3741 et
1164 3675 1219 3744 do·

270 3781 398 3926 mhiii.
425 3864 497 3929 760.
541 3863 697 3948 Pippinus
737 3865 932 3930 Vasconiam
962 3865 1154 3950 ingreditur,
1184 3874 1218 3932 et

269 3963 502 4030 Wandalorum
528 3967 704 4034 exercitum
730 3969 856 4033 occidit.
902 3968 1008 4052 Caput
1032 3969 1136 4034 sancti
1161 3970 1217 4037 Jo-

268 4065 385 4133 hannis
411 4069 568 4154 Baptistae
592 4071 762 4138 Ambianis
788 4093 807 4136 a
830 4071 1041 4157 Jerusolymis
1070 4072 1217 4155 deporta·

268 4177 404 4341 Ἥῗ
406 4221 486 4343 761.
517 4276 727 4344 Ethelbertus
741 4300 798 4344 rex
814 4278 939 4344 Cantiae
954 4277 1044 4343 obiit.
