3212 5102
319 591 364 653 90
621 605 816 650 cnaorncon
833 607 967 650 anonim

318 747 382 789 nus
405 725 466 799 hoc
490 723 632 804 audiens,
658 725 760 789 vicem
784 725 901 804 reddit,
929 732 962 789 et
986 725 1148 789 australes·
1165 731 1277 808 partes·

318 829 411 911 regni
431 828 536 893 David
555 829 695 892 caedibus
716 837 749 892 et
768 829 905 892 fiammis
926 828 1025 907 dedit,
1045 829 1115 912 ipso
1132 827 1272 905 vidente,

320 939 352 996 et
367 931 520 1014 congredi
534 953 602 996 non
617 932 767 996 audente.
814 932 834 995 J
836 932 979 996 ohannes
996 931 1173 1015 imperator
1188 932 1279 995 Con-

319 1035 623 1118 stantinopolitanus
642 1035 782 1118 seipsum
798 1036 917 1117 sagitta
931 1034 1072 1098 toxicata
1086 1035 1269 1111 vulnerans,

319 1137 399 1202 obiit
409 1163 419 1216 3
451 1138 504 1201 cui
534 1137 683 1201 successit
713 1139 799 1226 filius
828 1139 897 1221 ejus
927 1138 1089 1202 Emanuel
1117 1135 1269 1220 optim'us.

319 1241 462 1306 Abbatia
476 1241 516 1305 de
531 1241 655 1304 Thama
669 1249 702 1305 et
717 1241 757 1304 de
773 1241 923 1305 Cocosale
937 1241 1131 1305 fundantur.

363 1346 447 1410 A.D.
472 1348 567 1410 1138.
612 1346 814 1410 'l'heobaldus
841 1346 880 1410 ab
907 1347 1069 1426 AlbericO,
1097 1346 1181 1410 sedis
1208 1346 1272 1408 Ro-

319 1471 424 1514 manae
443 1451 559 1532 legato,
574 1450 610 1513 in
626 1449 890 1513 Cantuariensem
908 1450 1182 1533 archiepiscopum
1197 1470 1277 1512 cono
1384 1486 1387 1490 -

320 1560 472 1617 secratur.
517 1555 588 1617 Rex
605 1552 791 1636 Stephanus
803 1553 980 1636 infringere
995 1559 1134 1636 coeperat
1150 1573 1222 1634 quae
1236 1551 1272 1615 in

320 1656 525 1720 coronatione
541 1678 599 1719 sua
613 1657 683 1720 Deo
699 1663 732 1719 et
746 1677 847 1738 regno
861 1654 1070 1738 promiserat,
1091 1654 1179 1718 unde
1193 1655 1268 1718 ulti—

320 1781 382 1823 one
397 1759 504 1823 divina
518 1759 762 1823 insurrexerunt
781 1759 816 1821 in
836 1780 911 1822 cum
925 1779 983 1842 per
997 1765 1101 1822 totam
1116 1758 1270 1841 Angliam

319 1885 387 1926 non
402 1864 506 1927 solum
520 1862 640 1944 magni,
657 1862 714 1926 sed
731 1862 829 1925 etiam
849 1861 1035 1940 mediocres,
1051 1862 1182 1925 castella
1197 1883 1273 1925 cona

319 1973 374 2031 tra
400 1987 474 2031 eum
502 1967 691 2029 firmantes:
726 1966 814 2029 Scoti
838 1966 937 2029 etiam
963 1986 1038 2029 cum
1063 1966 1274 2029 multitudine

319 2070 460 2132 maxima
475 2069 675 2152 aquilonares
695 2076 802 2151 partes
822 2069 940 2132 iterum
961 2069 1146 2152 depopulari
1161 2089 1273 2151 aggre-

320 2173 473 2250 diuntur3
498 2171 614 2254 quibus
639 2172 894 2254 archiepiscopus
916 2171 1127 2236 Eboracensis
1150 2171 1273 2235 'l'ursti-

320 2299 382 2340 nus
398 2298 472 2341 cum
487 2275 692 2357 magnatibus
711 2276 798 2339 illius
817 2275 988 2359 provinciae
1003 2276 1152 2354 occurrit,
1169 2284 1202 2340 et
1220 2297 1273 2339 eos

319 2401 422 2463 usque
437 2379 478 2444 ad
492 2379 746 2443 internecionem
762 2380 847 2462 apud
864 2379 1026 2442 Standard
1041 2379 1166 2444 cecidit.
1209 2378 1273 2443 Ro-

321 2505 416 2565 gerus
454 2483 619 2566 episcopus
658 2483 774 2546 Sarum
802 2482 1031 2547 incarceratur.
1092 2482 1274 2546 Concilium

320 2588 407 2672 apud
428 2587 753 2651 Westmonasterium
776 2593 907 2651 tentum
930 2594 999 2651 est:
1022 2587 1110 2650 unde
1133 2587 1273 2650 Alexan-

321 2691 379 2754 der
400 2691 564 2775 episcopus
587 2690 821 2754 lincolniensis
844 2690 886 2754 ad
907 2711 1018 2774 regem
1039 2690 1170 2774 pacifice
1193 2691 1273 2754 acci-

320 2801 383 2871 tus,
409 2796 446 2856 in
472 2792 617 2857 custodia
642 2793 815 2870 detinetur,
842 2800 875 2856 et
904 2793 1124 2876 irregulariter
1149 2792 1274 2877 jejunio

321 2898 482 2981 affligitur,
499 2896 601 2961 donec
616 2896 746 2960 castella
761 2918 821 2960 sua
833 2895 902 2978 regi
916 2896 1108 2960 redduntur.

363 3001 449 3065 ΑΒ.
467 3002 562 3064 1139.
599 2999 746 3064 Matildis
768 3000 963 3082 imperatrix,
986 3000 1052 3062 filia
1072 2997 1157 3081 regis
1181 2996 1273 3061 Hen-

320 3103 387 3184 rici,
404 3103 456 3168 cui
473 3103 574 3186 Angli
594 3102 782 3167 fidelitatem
798 3103 994 3186 juraverant,
1015 3122 1072 3185 per
1093 3101 1273 3165 Robertnm
1401 3109 1402 3112 ’

321 3209 472 3272 comitem
497 3207 686 3284 Gloverniae,
709 3206 843 3270 fratrem
868 3227 973 3284 suum,
998 3205 1160 3283 accersita,
1185 3204 1274 3268 venit

251 3325 253 3330 '
320 3313 357 3375 in
370 3311 536 3396 Angliam.
581 3311 710 3394 Ubique
730 3331 805 3392 crgo
826 3310 862 3374 in
883 3317 970 3373 terra
990 3308 1091 3372 caedes
1111 3314 1143 3372 et
1162 3308 1271 3371 incen-

322 3415 385 3494 dia,

662 3523 682 3552 “
694 3523 726 3580 et
740 3517 880 3601 plurima
894 3515 1007 3580 mortis
1022 3515 1140 3597 imago,

451 3621 622 3703 Nusquam
637 3627 710 3683 tuta
726 3620 848 3703 quies?

323 3829 482 3894 Generale
497 3828 678 3892 Concilium
697 3827 884 3906 Londoniis,
899 3828 957 3892 ubi
971 3826 1156 3905 Waldevus,
1173 3827 1276 3890 abbas

322 3931 533 4016 Croylandiae,
550 3931 722 4016 deponitur
743 3931 783 3995 ab
803 3932 954 3997 Alherico
976 3932 1102 4014 legat0;
1126 3915 1179 3993 cui
1201 3953 1272 3995 suc-

322 4035 416 4101 cessit
433 4035 636 4113 Godefridus,
651 4035 738 4119 prior
757 4035 861 4098 sancti
880 4035 1009 4099 Albani.
1056 4033 1147 4097 Obiit
1168 4032 1272 4116 Roge-

321 4161 377 4203 rus
403 4139 571 4223 episcopus
596 4139 722 4202 Sarum.
778 4137 926 4202 Abbatiae
949 4159 1023 4200 vcro
1048 4137 1128 4215 istae,
1153 4136 1273 4200 scilicet

324 4243 525 4323 Kirkestede,
542 4243 683 4307 Parchns
698 4243 800 4324 Lude,
817 4249 850 4308 et
867 4242 1074 4326 Kingeswold
1094 4240 1133 4304 de
1153 4241 1272 4306 Cister-
