3212 5102
321 615 385 676 124
624 631 824 675 caaomcou
840 633 975 676 arcura

320 760 354 816 et
377 751 531 835 episcopis
556 751 609 834 qui
633 751 776 827 aderant,
799 751 1014 834 indulgentiae.
1032 760 1270 834 computantur.

322 853 450 917 Saierus
481 853 615 937 Quency
645 863 678 918 et
710 853 871 917 Robertus
901 855 986 918 filius
1017 856 1154 919 Walteri
1186 857 1273 940 apud

319 959 504 1022 Damietam
519 957 676 1021 obierunt.

362 1062 446 1124 An.
465 1064 559 1124 1221.
593 1061 672 1123 Post
687 1062 795 1124 natale
810 1061 951 1140 Domini,
967 1062 1150 1125 Willelmus
1166 1083 1272 1126 comes

318 1160 358 1223 de
381 1159 565 1224 Albamarle
590 1181 699 1242 pacem
725 1160 847 1243 regiam
871 1161 967 1243 fregit
979 1187 988 1237 ;
1011 1181 1079 1223 uon
1098 1168 1271 1224 contentus

319 1262 475 1340 damulis,
493 1284 564 1346 quae
585 1263 635 1325 sui
654 1263 690 1325 in
710 1264 840 1326 castello
856 1263 895 1326 de
911 1265 1015 1347 Byam
1029 1263 1270 1346 perpetrabant,

318 1365 416 1428 etiam
438 1365 605 1428 castellum
628 1364 668 1428 de
691 1363 930 1449 Fotheringhey
952 1367 1066 1429 furtim
1087 1366 1269 1444 invadebat,

318 1475 351 1531 et
366 1469 476 1551 positis
492 1468 678 1531 custodibus
692 1469 857 1550 protervis,
871 1489 1020 1550 guerram
1031 1477 1146 1533 contra
1159 1491 1269 1551 regem

317 1578 438 1635 motam
463 1569 666 1654 praedicabat‚
690 1571 859 1654 ipsumque
881 1571 996 1634 ducem
1018 1570 1115 1634 belli:
1139 1573 1270 1654 insuper

318 1674 458 1738 scribens
474 1674 665 1752 civitatibus,
681 1695 715 1736 se
731 1673 927 1737 conductum
943 1674 1093 1737 omnibus
1112 1683 1269 1739 mercato-

191 1815 192 1820 κ
316 1777 406 1841 ribus
420 1784 647 1860 praestaturum
668 1797 742 1839 cum
763 1777 977 1840 mercimoniis
996 1777 1159 1841 offerebat.
1204 1778 1269 1841 Ex-

317 1881 572 1944 communicatur
587 1902 606 1942 a
620 1881 727 1963 legato
742 1880 902 1943 Paudulfo
917 1887 949 1943 et
965 1887 1088 1962 septem
1103 1881 1266 1965 episcopis,

315 1984 352 2047 in
367 1985 500 2048 concilio
516 1984 654 2068 quodam
669 1982 847 2047 Londoniae
861 1990 933 2067 post
947 1990 1074 2047 octavas
1089 1984 1268 2068 epiphaniae

317 2087 485 2166 celebrato,
501 2087 702 2164 nominatim,
723 2109 798 2150 cum
817 2088 967 2151 omnibus
987 2088 1167 2152 fautoribus
1187 2111 1267 2172 prae-

316 2190 461 2255 sentibus
482 2197 514 2254 et
533 2190 661 2254 futuris.
707 2190 867 2254 Ranulfus
882 2211 988 2254 comes
1003 2191 1136 2255 Cestriae
1155 2213 1188 2256 se
1208 2192 1267 2256 du-

316 2314 386 2357 cem
405 2292 482 2356 belli
501 2300 614 2356 contra
632 2292 785 2357 rebellem
805 2292 991 2382 pollicetur:
1015 2315 1178 2378 quumque
1198 2316 1265 2358 om-

315 2417 374 2459 nes
393 2395 583 2479 praedictum
603 2395 753 2459 comitem
773 2395 869 2458 nimis
890 2417 1022 2459 exosum
1041 2403 1172 2480 propter
1193 2418 1265 2461 suo-

315 2520 389 2561 rum
404 2497 569 2561 violentias
585 2497 783 2561 unanimiter
797 2504 1074 2580 persequerentur,
1090 2506 1182 2582 terga
1196 2521 1265 2564 ver·

315 2607 388 2664 teus
414 2601 455 2663 ad
481 2621 553 2662 suas
583 2599 778 2663 munitiones
804 2600 839 2662 in
864 2600 1046 2664 borealibus
1070 2601 1203 2666 desertis
1232 2624 1267 2667 se

316 2701 483 2766 subtraxit.
528 2702 710 2765 Willelmus
740 2702 976 2766 Loudoniensis
1006 2705 1171 2788 episcopus
1200 2727 1266 2788 prae

316 2805 404 2870 senio
428 2804 623 2889 episcopatui
647 2805 752 2883 cessit,
776 2813 809 2867 et
834 2805 1028 2870 Eustachius
1051 2806 1092 2870 de
1117 2808 1265 2871 Faucun-

315 2909 403 2992 berg,
427 2909 512 2989 regis
541 2907 767 2986 thesaurarius,
795 2909 955 2972 successit.
1001 2910 1184 2974 Alexander
1208 2932 1264 2975 rex

317 3012 432 3076 Scotiae
450 3011 534 3095 apud
552 3009 734 3074 Eboracum
755 3010 846 3074 duxit
866 3011 901 3073 in
921 3033 1053 3075 uxorem
1069 3013 1264 3089 Johannam,

314 3114 398 3197 regis
423 3113 557 3178 Henrici
583 3131 739 3192 sororem,
756 3113 901 3177 Waltero
925 3113 965 3176 de
990 3114 1087 3197 Gray,
1110 3113 1264 3197 archiepi-

315 3239 409 3302 scopo
429 3217 633 3293 Eboracensi,
655 3216 882 3280 solennitatem
904 3214 1095 3279 celebrante.
1140 3216 1263 3280 Walte-

313 3343 369 3385 rus
388 3323 513 3404 legatus
529 3320 621 3404 signa
635 3319 804 3402 legationis
820 3318 976 3402 deposuit,
992 3325 1025 3381 et
1046 3319 1110 3382 cito
1130 3326 1202 3401 post
1223 3320 1263 3383 ab

314 3425 434 3508 Anglia
448 3424 597 3488 recessit:
623 3423 806 3505 Stephanus
821 3442 894 3485 vero
910 3421 1163 3504 archiepiscopus
1179 3422 1263 3486 Cau-

313 3527 485 3594 tuarieusis
500 3527 540 3590 de
556 3526 660 3589 Roma
680 3547 824 3602 reversus
847 3530 904 3602 est,
920 3531 953 3588 et
974 3545 1032 3607 pro
1053 3545 1129 3607 rege
1151 3533 1265 3590 contra

313 3630 400 3714 pacis
414 3629 582 3694 violatores
602 3634 752 3711 potenter
767 3627 901 3691 laborat.
946 3626 1098 3691 Damieta
1116 3627 1264 3692 redditur

315 3732 482 3796 Saracenis
496 3753 554 3814 pro
569 3747 663 3795 cruce
679 3730 809 3806 Christi,
826 3736 859 3792 et
876 3751 935 3812 pro
953 3730 1086 3812 captivis
1107 3730 1262 3795 Christia-

312 3837 363 3899 nis
379 3840 537 3918 quotquot
551 3835 587 3897 in
601 3832 736 3896 vinculis
750 3831 923 3895 habebant.

355 3938 440 4001 Aa).
466 3938 560 3999 1222.
607 3935 790 4016 Stephanus
816 3933 1068 4017 archiepiscopus
1093 3935 1263 4000 Cantuari·

313 4040 399 4105 ensis
414 4038 585 4104 celebravit
603 4037 774 4101 concilium
790 4037 938 4119 generale
953 4037 1096 4116 oxoniis,
1111 4039 1147 4100 in
1162 4039 1261 4103 eccle-

313 4145 360 4208 sia
375 4142 414 4208 de
430 4143 568 4226 Oseney,
584 4140 737 4225 episcopis
752 4140 962 4222 suffraganeis
982 4147 1015 4203 et
1034 4142 1104 4204 aliis
1122 4142 1261 4224 praelatis

312 4247 411 4312 totius
426 4245 596 4331 provinciae
606 4243 799 4328 generaliter
809 4243 1068 4326 comparentibus
1077 4269 1087 4323 ;
1108 4243 1165 4308 ubi
1176 4265 1262 4327 quae-
