3226 5100
372 632 414 695 22
675 649 873 693 cunorncon
891 650 1026 695 suumn

371 763 446 828 dem
471 764 589 847 posuit,
613 763 656 828 ad
681 763 863 842 sinistram
886 771 924 830 nt
949 771 1156 830 transeuntes
1178 765 1325 847 viatores,

373 888 531 932 memores
554 867 747 932 sanctissimi
766 868 963 946 monasterii,
979 891 1038 952 pro
1059 869 1229 934 animabus
1250 869 1330 935 fide-

371 969 453 1034 lium
474 969 510 1034 in
531 969 600 1054 ipso
622 970 791 1035 cemeterio
810 971 1043 1054 quiescentium
1060 993 1171 1056 preces
1185 973 1330 1038 Domino

373 1074 541 1152 solverent,
558 1080 592 1137 et
606 1096 626 1137 a
640 1074 803 1138 maleficiis
825 1095 861 1137 ac
880 1075 1057 1140 latrociniis
1077 1076 1113 1139 in
1134 1077 1237 1140 sancti
1259 1096 1329 1141 mo-

372 1176 505 1240 nasterii
524 1177 690 1260 parietinis
712 1178 802 1240 nullo
825 1177 921 1242 modo
942 1178 1118 1262 patrandis,
1135 1179 1249 1243 saltem
1270 1201 1329 1263 pro

374 1279 496 1345 Christi
510 1281 689 1345 reverentia
704 1281 918 1346 continerent.
1171 1367 1172 1372 ἵ

417 1384 508 1447 Tunc
535 1384 633 1448 etiam
659 1384 808 1449 dominus
834 1384 971 1450 Toretus
999 1384 1088 1468 prior
1113 1384 1154 1450 de
1179 1386 1330 1470 Ankarig

374 1508 432 1570 per
452 1487 584 1551 fratrem
606 1488 788 1571 Turgarum
810 1487 952 1566 edoctus,
973 1488 1133 1572 quomodo
1154 1496 1187 1553 et
1208 1489 1244 1553 in
1267 1511 1330 1573 quo

374 1590 494 1674 angulo
510 1591 649 1655 ecclesiae
671 1591 873 1656 sanctissima
891 1591 1028 1675 pignora
1047 1591 1219 1656 beatarum
1233 1593 1328 1676 virgis

323 1728 325 1732 ·
374 1715 455 1758 ιιιιιιι
474 1693 692 1778 Kyneburgae,
715 1695 770 1758 &a
789 1715 847 1778 per
865 1716 1007 1778 paganos
1029 1696 1174 1780 projecta
1195 1702 1229 1761 et
1249 1717 1326 1760 con-

374 1797 509 1876 culcata,
526 1796 583 1862 sed
601 1820 658 1882 per
672 1799 861 1881 praedictum
875 1799 1009 1862 fratrem
1024 1799 1215 1882 Turgarum,
1231 1806 1328 1884 prout

373 1901 490 1983 potuit,
506 1907 690 1965 reverenter
705 1902 875 1966 recollecta
895 1901 1033 1980 fuerant,
1055 1909 1089 1967 et
1111 1903 1270 1987 imposita,
1288 1903 1329 1968 de

375 2003 540 2066 communi
564 2003 624 2081 via,
644 2005 812 2086 praedictas
835 2004 985 2086 reliquias
1011 2026 1120 2068 secum
1145 2007 1327 2091 assumpsit,

375 2111 408 2169 et
430 2126 505 2168 cum
526 2104 678 2170 fratribus
701 2107 766 2169 suis
789 2106 830 2170 ad
849 2105 997 2189 Anhang
1018 2107 1156 2186 rediens,
1175 2110 1329 2174 honorifi-

375 2208 500 2272 centius
516 2230 612 2292 quam
631 2209 748 2293 potuit,
763 2209 799 2273 in
814 2229 872 2272 suo
887 2208 1026 2273 oratorio
1040 2210 1220 2276 collocavit.
1267 2213 1329 2277 Pa·

376 2311 452 2394 gani
477 2333 551 2375 vero
582 2311 621 2375 de
647 2311 930 2376 Medeshamstede
956 2318 1119 2391 exeuntes,
1144 2335 1182 2377 ao
1209 2314 1330 2398 deprae·

376 2415 490 2480 dantes
509 2415 687 2498 provincias
704 2437 806 2498 usqne
826 2415 867 2478 ad
891 2413 1147 2498 Cantabrigiam,
1166 2425 1329 2482 monaste-

374 2518 460 2582 rium
475 2518 767 2583 sanctimonialium
779 2518 1021 2583 celeberrimum
1035 2519 1071 2582 in
1086 2519 1208 2584 Eliensi
1223 2521 1330 2585 insula

375 2621 540 2701 situatum,
570 2621 720 2685 omnibns
749 2621 889 2685 inventis
918 2621 954 2685 in
984 2643 1023 2686 eo
1050 2630 1119 2687 tam
1149 2623 1329 2707 virginibus

375 2735 472 2807 quam
500 2724 575 2789 viris
605 2724 777 2789 crudeliter
805 2725 1017 2810 interemptis,
1048 2726 1172 2790 catallis
1202 2747 1239 2790 ac
1268 2726 1329 2790 im·

373 2828 494 2893 mensis
523 2828 651 2907 divitiis,
677 2829 717 2893 de
746 2835 817 2893 tota
844 2829 948 2912 patria
976 2851 1034 2913 pro
1063 2830 1124 2894 loci
1154 2830 1328 2895 securitate

374 2930 488 3011 allatis,
505 2931 562 2996 sed
575 2953 631 3016 per
645 2931 797 2996 barbaros
812 2939 892 2996 tunc
907 2933 1049 3018 direptis,
1065 2933 1195 3016 ignibus
1209 2933 1326 2998 ultimo

373 3034 603 3113 tradiderunt3
640 3042 673 3099 et
705 3041 911 3099 transeuntes
940 3036 977 3099 in
1005 3037 1238 3118 Eastangliam,
1270 3037 1327 3100 dre.

374 3159 486 3221 regem
508 3139 652 3224 ejusdem
673 3139 844 3222 provinciae
864 3140 1102 3204 sanctissimum
1117 3139 1329 3203 Edmundum

375 3250 506 3328 captum
523 3265 581 3327 per
595 3243 724 3308 eosdem
743 3243 785 3307 ad
804 3243 965 3328 quendam
986 3243 1129 3327 stipitem
1149 3242 1328 3323 alligatum,

375 3352 532 3431 tanquam
554 3347 684 3430 signum
707 3347 748 3411 ad
771 3347 932 3430 sagittam,
955 3346 1029 3410 telis
1055 3345 1121 3409 suis
1144 3351 1177 3410 et
1199 3346 1327 3430 sagittis

375 3453 527 3536 aggressi,
541 3452 672 3516 horrida
686 3451 875 3516 crudelitate
885 3472 943 3534 pro
958 3450 1021 3514 fide
1033 3449 1154 3513 Christi
1169 3455 1202 3514 et
1216 3450 1330 3533 patriae

377 3577 443 3620 suae
455 3556 640 3620 defensione
652 3555 855 3630 decollantes,
866 3554 1162 3638 martyrizaverunt.
1192 3555 1246 3618 sio
1260 3561 1330 3619 tota

375 3658 544 3740 Estanglia
573 3659 613 3720 ab
643 3658 689 3720 eis
720 3657 855 3720 obtenta
880 3663 913 3720 et
938 3663 1101 3740 occupata,
1126 3657 1248 3722 ibidem
1272 3678 1330 3741 per

375 3767 478 3825 totam
495 3761 635 3824 hiemem
649 3759 844 3837 residebant,
861 3760 917 3823 &a

427 3864 513 3928 A.D.
541 3865 617 3928 871.
671 3864 758 3928 Dani
784 3861 1043 3926 Westsaxoniam
1071 3870 1229 3947 petentes,
1255 3885 1330 3928 cum

376 3979 451 4049 ‘rege
473 3966 659 4045 Ethelredo,
675 3972 708 4030 et
729 3965 830 4029 fratre
853 3987 911 4030 suo
933 3965 1066 4030 Alfredo
1088 3967 1176 4031 varia
1197 3968 1331 4031 fortuna

375 4072 488 4156 proelia
503 4071 689 4154 gravissima
703 4076 872 4153 gesserunt
880 4096 890 4148 ;
912 4070 949 4134 in
964 4070 1079 4154 quibus
1095 4071 1184 4134 caesis
1199 4069 1330 4153 regibus

375 4197 485 4241 eorum
502 4177 617 4259 Baseg,
630 4175 779 4252 Oskitell,
796 4181 828 4239 et
843 4174 1014 4238 comitibus
1029 4174 1152 4252 multis,
1163 4174 1222 4237 viz.
1238 4179 1329 4237 utro-

376 4299 438 4364 que
455 4281 582 4359 Sidrok,
598 4279 722 4345 seniore
737 4286 771 4344 et
782 4279 921 4365 juniore,
937 4281 1043 4345 Frena
1057 4278 1185 4356 comite,
1202 4276 1330 4342 Osbern
