3216 5104
352 608 416 669 100
658 626 859 672 ennomcou
878 625 1014 670 166616

353 743 604 809 Waterfordiam
628 752 661 809 61
683 745 885 824 1161ὶὶ61661,
905 767 943 811 66
966 747 1072 810 616116
1096 744 1228 809 castella
1249 744 1312 808 alia

352 847 524 911 maritima.
570 847 669 912 Ducit
687 849 786 912 611661
809 849 845 913 16
861 869 995 914 uxorem
1018 848 1118 912 filiam
1142 846 1311 931 cujusdam

353 949 458 1031 reguli
471 949 558 1014 illius
572 955 676 1028 terrae,
692 951 784 1034 cujus
807 950 970 1016 connubio
986 951 1128 1014 multum
1147 969 1312 1033 prospera-

353 1058 408 1115 tus
434 1059 500 1116 est:
539 1052 663 1116 Genuit
689 1051 729 1116 de
758 1052 816 1115 illa
843 1051 952 1130 filiam,
978 1073 1075 1135 quam
1100 1051 1312 1116 Marescallus

354 1152 537 1216 willelmus
556 1173 662 1217 comes
682 1153 722 1217 de
742 1153 923 1219 Pembroke
942 1161 1055 1239 postea
1072 1154 1165 1219 duxit
1183 1153 1219 1216 in
1234 1174 1312 1217 uxo-

353 1275 433 1332 rem,
449 1255 489 1319 de
506 1277 569 1338 qua
582 1255 618 1319 in
632 1255 843 1338 sequentibus
858 1255 993 1320 dicetur.

397 1357 589 1423 A.D.1170.
614 1359 684 1422 Rex
701 1358 864 1423 Henricus
879 1358 919 1422 de
933 1356 1139 1422 Nonnannia
1151 1354 1312 1419 transiens

352 1459 387 1522 in
402 1460 565 1543 Angliam,
581 1460 617 1524 16
636 1461 718 1524 mari
735 1461 802 1524 fere
821 1459 1022 1544 periclitatus
1043 1464 1110 1523 est:
1133 1457 1221 1521 unde
1236 1456 1312 1521 fecit

353 1565 500 1629 coronari
528 1565 632 1628 filium
662 1585 758 1626 suum
789 1563 971 1627 Henricum
1002 1584 1021 1626 6
1051 1563 1179 1643 Rogero
1209 1559 1311 1623 archi-

353 1669 500 1752 episcopo
523 1666 727 1743 Eboracensi,
749 1673 862 1731 contra
880 1665 1047 1750 privilegia
1067 1663 1207 1729 ecclesiae
1227 1665 1312 1727 Can-

352 1769 535 1850 tuariensis,
560 1771 630 1854 ejus
650 1769 886 1853 archiepiscopo
910 1768 1080 1832 exulante:
1104 1766 1193 1830 dedit
1215 1765 1314 1829 etiam

353 1873 508 1937 ducatum
531 1872 726 1956 Aquitaniae,
751 1871 825 1936 cum
845 1870 1060 1955 pertinentiis,
1079 1865 1225 1933 ¹lticardo
1247 1867 1313 1932 filio

353 1997 412 2040 suo
440 1974 620 2039 tenendum
649 1975 689 2038 de
718 1995 794 2057 rege
823 1972 988 2038 Franciae:
1026 1971 1216 2036 comitatum
1238 1991 1313 2034 vero

353 2083 532 2147 Britanniae
552 2083 709 2146 concessit
726 2081 872 2146 Galfrido
894 2081 960 2146 filio
984 2102 1052 2160 suo,
1073 2079 1129 2164 qui
1151 2079 1313 2143 haeredem

353 2184 489 2248 duxerat
508 2185 544 2247 in
564 2205 697 2248 uxorem
718 2184 819 2248 filiam
839 2181 969 2248 Coitani
992 2181 1129 2261 comitis,
1145 2202 1184 2245 ex
1206 2201 1314 2245 sorore

352 2286 509 2351 Willelmi
522 2287 608 2370 regis
625 2287 805 2351 Scotorum.
850 2286 1034 2372 Alexander
1047 2306 1131 2370 papa
1146 2284 1313 2368 suspendit

354 2389 536 2454 Robertum
565 2390 840 2474 archiepiscopum
869 2388 1116 2467 eboracensem,
1142 2387 1259 2451 Sarum
1281 2394 1314 2450 et

354 2491 617 2557 londoniensem
632 2493 803 2576 episcopos.

397 2595 484 2658 AJ).
503 2597 598 2660 1171.
644 2596 715 2658 Rex
738 2595 901 2659 Henricus
925 2593 1012 2678 apud
1027 2593 1154 2658 Buram
1172 2592 1209 2656 in
1228 2592 1314 2657 Nor-

354 2697 497 2775 mannia,
514 2697 549 2761 in
569 2697 621 2761 die
644 2698 762 2761 natalis
785 2697 928 2776 Domini,
944 2697 1151 2776 constitutus,
1173 2697 1315 2760 multum

355 2800 507 2865 confusus
533 2807 591 2878 est,
617 2821 655 2865 66
677 2800 765 2886 quod
791 2801 1045 2885 archiepiscopus
1072 2799 1314 2864 Cantuarieusis

354 2903 461 2967 noluit
484 2902 649 2968 absolvere
674 2903 838 2987 episcopos
864 2924 961 2967 causa
985 2925 1043 2966 sua
1061 2901 1101 2966 ab
1122 2903 1224 2967 officio
1246 2924 1314 2966 sus-

354 3027 472 3090 pensos
483 3032 492 3085 5
515 3006 603 3071 unde
626 2991 904 3091 quatuor'milites
927 3007 967 3070 de
987 3005 1072 3088 regis
1095 3005 1226 3084 familia,
1245 2997 1315 3089 ipso

355 3109 417 3174 hoc
436 3109 618 3193 ignorante,
633 3109 669 3174 in
684 3107 961 3193 archiepiscopum
976 3103 1110 3186 efferati,
1125 3108 1265 3171 latenter
1282 3115 1315 3172 61

356 3212 508 3276 citissime
534 3213 570 3276 in
595 3212 750 3296 Angliam
779 3211 1035 3276 transfretabant
1046 3236 1056 3289 3
1088 3210 1315 3293 venientesque

357 3315 566 3380 cantuariam
581 3317 695 3400 quinto
715 3317 832 3380 natalis
855 3315 916 3394 die,
931 3336 1038 3398 neque
1052 3314 1190 3398 tempori
1211 3335 1316 3398 neque

356 3418 427 3484 loco
441 3441 547 3503 neque
562 3441 706 3504 personae
727 3419 918 3498 deferentes,
934 3419 970 3482 in
988 3417 1123 3482 ecclesia
1142 3416 1317 3481 cathedrali

358 3529 508 3586 sanctum
523 3523 682 3587 'lhomam
704 3523 979 3607 archiepiscopum
996 3521 1219 3586 cruentissime
1234 3521 1316 3587 occi·

358 3624 489 3688 derunt.
583 3667 585 3672 -
886 3669 888 3672 -
1219 3675 1222 3681 .

403 3727 492 3790 A.D.
525 3728 620 3792 1172.
675 3729 849 3795 Coronatio
879 3729 1021 3814 Philippi
1048 3729 1133 3812 regis
1162 3729 1319 3806 Francia,

358 3829 485 3894 vivente
509 3829 614 3894 adhuc
633 3831 796 3897 Ludovico
822 3841 913 3916 patre
937 3855 1005 3898 suo.
1051 3833 1121 3897 Rex
1145 3830 1317 3912 Henricns,

359 3932 480 3996 accitus
496 3953 516 3996 a
530 3933 649 3998 comite
662 3933 810 4015 Ricardo,
819 3935 855 3999 in
872 3935 1064 4000 Hiberniam
1079 3957 1154 4000 cum
1166 3935 1318 4018 quadrin-

359 4037 465 4122 gentis
495 4035 629 4100 navibus
659 4045 692 4102 61
715 4039 819 4104 valido
844 4040 988 4105 exercitu
1013 4040 1166 4124 applicuit
1191 4039 1317 4104 decimo

360 4149 449 4206 serto
474 4139 687 4205 kalendarum
710 4141 902 4207 Novembris
914 4168 923 4220 3
956 4143 1009 4208 661
1034 4143 1139 4207 dictus
1162 4141 1319 4208 Ricardus

358 4252 462 4309 totam
486 4252 615 4324 terram,
641 4267 736 4329 quam
765 4253 903 4330 ceperat,
927 4245 968 4311 ab
992 4247 1062 4331 ejus
1088 4246 1193 4328 gratia
1217 4245 1318 4328 impe-
