3212 5102
631 577 924 622 rnrnrnuaonssn.
1196 559 1258 621 lll

349 691 434 756 Aa).
453 693 548 756 1198.
593 691 684 756 Obiit
702 691 884 757 Celestinus
904 711 987 776 papa
998 716 1008 770 ;
1035 690 1088 755 oui
1110 691 1263 756 successit

306 795 520 859 Innocentius
547 795 613 875 III,
640 795 768 879 juvenis
796 794 933 878 triginta
962 816 1131 874 annorum,
1159 794 1264 858 dictus

308 898 500 963 Lotharius:
538 899 592 981 qui
617 900 721 963 factus
749 921 842 984 papa,
869 899 980 963 rtatim
1004 899 1152 977 decrevit,
1180 898 1265 982 quod

308 1003 439 1085 capella,
470 1023 567 1086 quam
596 1001 781 1067 Baldwinus
811 1002 1065 1086 archiepiscopus
1095 1001 1266 1066 Cantuari-

308 1105 393 1169 ensis
414 1104 518 1187 primo
542 1110 632 1168 extra
652 1105 871 1184 Cantuariam,
888 1104 1004 1169 deinde
1026 1105 1112 1189 apud
1132 1104 1266 1188 Abyng-
1300 1189 1302 1199 Ι

309 1208 384 1287 don,
408 1207 542 1272 tandem
565 1207 651 1291 apud
675 1208 855 1292 Lamethye
878 1214 991 1273 contra
1014 1208 1267 1272 Westmonaste-

309 1311 395 1373 rium
410 1315 643 1389 construxerat,
660 1311 743 1374 etin
758 1331 795 1374 ea
810 1310 980 1376 canonicos
998 1311 1156 1375 seculares
1173 1310 1268 1374 insti-

310 1421 427 1493 tuerat,
452 1433 505 1477 eos
532 1413 572 1477 de
596 1413 860 1496 possessionibus,
887 1413 1027 1479 ecclesiis
1054 1419 1087 1477 et
1111 1412 1269 1477 reditibus

311 1517 543 1581 monachorum
566 1515 849 1581 Cantuariensium
873 1516 1096 1600 praebendans,
1123 1538 1161 1581 eo
1184 1515 1270 1600 quod

312 1625 388 1684 ante
411 1619 647 1702 promotionem
671 1641 764 1683 suam
786 1619 822 1682 in
841 1640 938 1684 eausa
960 1619 1016 1683 illa
1038 1620 1270 1684 monachorum

312 1728 498 1807 procurator
520 1722 673 1802 extiterit,
694 1721 931 1788 destrueretur:
955 1723 1087 1806 insuper
1110 1743 1272 1787 successor

314 1825 482 1904 Baldwini,
516 1824 683 1889 Hubertus
722 1824 986 1909 archiepiscopus,
1022 1826 1164 1889 multum
1199 1846 1271 1908 pro-

314 1933 466 2008 moverat,
481 1927 629 1992 fimditus
644 1948 753 1992 eversa
768 1933 826 1991 est.
859 1928 1015 1993 Ricardus
1029 1949 1095 2008 rex,
1110 1928 1147 1992 in
1161 1927 1279 2000 multis,

316 2033 595 2116 congressionibus
609 2053 685 2096 cum
699 2053 775 2116 rege
791 2032 935 2097 lhanciae
955 2054 1080 2116 semper
1093 2032 1204 2113 victor,
1220 2034 1273 2096 fir·

317 2136 417 2200 mavit
437 2136 606 2200 castellnm
623 2136 659 2198 in
675 2136 835 2219 Sequana,
852 2135 938 2219 quod
952 2136 1116 2200 Butavant
1137 2136 1275 2220 appella·

317 2239 373 2304 vit.
418 2239 528 2316 Fulco,
544 2244 674 2302 sanctus
695 2240 840 2304 sacerdos
861 2239 901 2304 de
915 2240 1026 2323 Noily,
1042 2239 1139 2324 coepit
1161 2238 1274 2324 praedi-

318 2363 391 2406 care
413 2341 449 2404 in
470 2341 616 2422 Francia
638 2347 671 2405 et
695 2342 850 2407 miracula
871 2343 1004 2427 operari.
1051 2343 1190 2407 Sanctus
1209 2342 1276 2406 Do-

317 2445 456 2510 minicus
485 2443 628 2508 instituit
664 2446 802 2509 fratrum
838 2447 1086 2530 praedicatorum
1120 2446 1275 2511 ordinem.

320 2550 444 2633 Corpus
467 2547 556 2612 beati
573 2548 750 2628 Edmundi,
776 2549 1003 2635 archiepiscopi
1026 2548 1277 2627 cantuariensis,

320 2658 486 2737 repertum
501 2659 550 2716 est
564 2651 739 2736 integrum.

365 2755 450 2819 Ar).
468 2757 563 2820 1199.
608 2755 719 2840 Captis
733 2754 857 2839 treugis
876 2755 1088 2839 interregem
1103 2755 1280 2820 Ricardum

323 2864 356 2922 et
379 2857 567 2942 Philippum
590 2879 701 2941 regem
728 2859 881 2939 Francia,
909 2859 1065 2924 Ricardus
1093 2879 1151 2923 rex
1179 2858 1280 2923 movit

323 2961 499 3028 exercitum
514 2966 627 3025 contra
641 2961 859 3025 vicecomitem
874 2961 1153 3026 lemovicensem:
1177 2982 1281 3025 oausae

322 3064 419 3128 variae
440 3064 551 3128 relatae
570 3070 668 3142 sunt3
691 3084 855 3147 quumque
871 3070 973 3128 terras
981 3047 1180 3129 'vicecomitis
1196 3063 1282 3128 ferro

324 3169 517 3251 flamuraque
545 3171 694 3244 vastaret,
724 3165 856 3229 veniens
886 3166 927 3230 ad
956 3166 1117 3249 quoddam
1148 3187 1283 3250 parvum

327 3269 496 3334 castellum
515 3267 742 3351 Chalychapel,
758 3274 943 3351 expugnata
956 3275 1045 3332 turre
1059 3267 1282 3352 pertriduum,

328 3377 443 3456 quarto
459 3371 510 3435 die
530 3392 631 3454 quum
650 3371 720 3456 jam
739 3376 823 3434 esset
843 3371 1008 3455 capienda,
1024 3377 1057 3435 et
1071 3371 1137 3436 fere
1152 3371 1284 3434 inermis

329 3496 431 3560 quum
456 3473 497 3538 ad
517 3495 648 3538 murum
670 3473 844 3554 accederet,
868 3495 926 3558 per
950 3475 1125 3558 quarellam
1151 3473 1285 3538 arcuba-

327 3579 411 3643 listae
432 3578 469 3642 in
488 3577 617 3642 sinistro
635 3577 771 3642 humero
788 3577 964 3662 perculsus,
980 3599 1068 3642 nono
1091 3578 1142 3642 die
1162 3577 1202 3641 de
1216 3577 1285 3641 vul-

330 3702 408 3746 nere
431 3687 579 3746 mortuus
605 3687 663 3760 est,
688 3686 722 3745 et
743 3682 838 3765 juxta
859 3687 984 3766 patrem
1008 3681 1161 3766 sepultus.
1205 3680 1286 3763 Ejus

330 3791 403 3849 acta
424 3784 620 3868 scripserunt
640 3783 790 3848 dominns
806 3782 889 3848 Milo
910 3784 1009 3852 abbas
1027 3784 1067 3849 de
1082 3785 1188 3869 Pynn,
1204 3783 1285 3847 elee-

331 3887 533 3972 mosynarius
557 3887 653 3970 regis,
680 3892 713 3951 et
734 3888 910 3951 Anselmus
936 3889 1118 3973 capellanus
1147 3885 1231 3970 regis
1254 3893 1287 3950 et

331 4009 439 4055 comes
463 3990 584 4074 ubique
612 3989 702 4056 intus
728 3997 761 4054 et
789 3990 884 4055 foris:
916 3991 969 4055 cui
996 3991 1125 4075 propria
1148 3988 1287 4054 factione

332 4093 483 4158 successit
498 4093 520 4156 J
521 4093 664 4157 ohannes
678 4094 778 4157 frater
791 4093 861 4178 ejus
875 4093 912 4156 in
924 4114 1073 4176 regnum.
1111 4092 1199 4156 Otho
1213 4112 1287 4155 vero

334 4202 492 4280 cognatus
507 4195 586 4280 ejus,
598 4217 657 4260 sua
666 4196 890 4280 procuratione
901 4196 1083 4280 imperator,
1093 4192 1290 4278 Aquisgrani

334 4307 384 4364 est
399 4305 580 4394 coronatus,
596 4299 789 4364 Innocentio
804 4299 833 4363 ei
847 4299 984 4364 favente.
