3226 5100
362 553 407 615 80
666 572 865 616 cnaomcou
882 573 1017 616 ausura

361 685 528 765 redeunte,
544 705 581 750 ac
602 706 753 770 prospero
775 708 871 750 cursu
893 686 962 771 ipso
982 687 1018 749 in
1038 685 1192 769 Angliam
1214 686 1313 768 appli-

363 795 466 867 cante,
482 788 663 852 Willelmus
678 790 763 853 filius
783 791 862 873 ejus,
879 809 953 854 cum
974 810 1072 852 uxore
1087 811 1146 852 sua
1160 789 1226 852 filia
1241 789 1315 852 Ful-

363 891 451 955 conis
475 891 601 955 comitis
623 891 875 979 Andegavensis,
901 898 934 955 et
959 892 1059 955 frater
1081 913 1158 955 suus
1184 891 1315 970 nothus,

364 1014 438 1059 oum
461 994 599 1058 Ricardo
626 994 741 1059 comite
766 994 908 1072 Cestriac,
929 1000 962 1058 et
984 993 1081 1058 multi
1104 994 1158 1057 alii
1181 994 1315 1072 nobiles,

362 1104 432 1161 tam
462 1096 521 1160 viri
547 1118 644 1180 quam
673 1097 824 1177 foeminae,
856 1097 942 1181 apud
968 1097 1131 1160 Barbeflet
1161 1096 1319 1160 submersi

365 1207 451 1278 runt,
475 1221 550 1264 oum
577 1199 693 1284 quibus
719 1206 850 1265 centum
876 1207 909 1264 et
935 1201 1103 1284 sexaginta
1127 1200 1258 1279 milites,
1285 1206 1318 1264 et

365 1303 600 1387 quinquaginta
636 1310 753 1382 nautae,
786 1324 861 1367 oum
895 1303 1000 1367 tribus
1038 1303 1317 1386 gubernatoribus,

365 1411 482 1490 praeter
498 1405 633 1485 nobiles,
651 1406 824 1490 perierunt.
870 1406 1004 1470 Dictum
1028 1413 1086 1485 est,
1110 1414 1143 1470 et
1164 1406 1319 1490 scriptum

366 1510 478 1594 reperi,
504 1509 589 1594 quod
610 1510 727 1574 merito
749 1517 817 1574 tam
840 1511 948 1593 regius
972 1510 1156 1574 adolescens
1178 1509 1317 1593 perierit,

368 1613 484 1697 quippe
510 1612 574 1697 qui,
599 1619 712 1677 eontra
736 1635 826 1677 suam
847 1613 1096 1697 generositatem
1120 1619 1154 1677 et
1178 1613 1319 1677 hominis

367 1721 528 1794 naturam,
546 1716 624 1780 vitio
645 1716 840 1781 Sodomitico
859 1717 1057 1782 incessanter
1080 1716 1258 1795 laborabat,
1282 1737 1319 1780 ac

368 1818 581 1884 collactaneos
618 1840 692 1883 suos
726 1841 847 1900 omnes,
877 1820 1055 1904 postposito
1083 1820 1224 1884 naturali
1257 1840 1320 1883 usu

368 1919 519 1998 foeminae,
548 1921 804 2004 petulantissime
833 1923 1016 2006 polluerat:
1052 1923 1149 2006 periit
1179 1941 1255 2006 ergo
1283 1922 1319 1985 in

370 2022 487 2086 scelere
499 2043 566 2086 suo.
593 2022 812 2087 Northbertus
824 2024 970 2088 ordinem
979 2025 1321 2089 Praemonstratensem

369 2124 520 2188 instituit.
570 2124 694 2190 Eodem
724 2145 809 2190 anno
842 2125 1051 2210 Hospitalarii
1080 2133 1113 2190 et
1145 2125 1320 2210 Templarii

371 2228 449 2292 facti
463 2234 549 2292 sunt.

414 2332 501 2395 Ab.
518 2332 612 2394 1121.
641 2329 781 2396 Consilio
795 2332 940 2397 omnium
955 2354 1123 2418 procerum
1138 2332 1178 2396 de
1192 2332 1322 2416 Anglia,

371 2455 428 2499 rex
458 2433 619 2498 Henricus
649 2433 741 2497 duxit
770 2435 806 2498 in
835 2457 968 2500 uxorem
998 2435 1198 2514 Hadeliaam,
1225 2435 1323 2499 filiam

375 2537 550 2616 Godefridi,
589 2536 679 2601 ducis
716 2538 959 2623 Lotharingiae3
996 2540 1137 2624 puellam
1165 2539 1323 2621 virginem

373 2641 465 2704 vultu
479 2640 735 2724 pulcherrimam,
751 2647 784 2706 et
799 2663 930 2726 corpore
945 2642 1213 2720 decentissimam,
1228 2662 1325 2726 quam

377 2743 534 2808 liedulfus
556 2743 811 2829 archiepiscopus
832 2753 975 2811 coronat.
1021 2745 1063 2809 In
1086 2737 1155 2830 ejus
1177 2745 1324 2809 decorem

377 2847 458 2911 dixit
473 2845 604 2930 quidam
618 2847 779 2912 versificus
795 2848 858 2914 sic:

421 2998 603 3080 Anglorum
617 2999 739 3082 regina,
754 3005 838 3078 tuos,
855 3000 1019 3078 Hadeliza,
1036 3000 1165 3064 decores

465 3103 541 3184 Ipsa
555 3102 673 3166 referre
687 3124 804 3187 parans
819 3126 912 3168 musa
927 3112 1056 3189 stupore
1070 3105 1164 3187 riget.
1266 3118 1269 3124 '

423 3204 512 3270 Quid
526 3204 675 3270 diadema
688 3205 749 3269 tibi
759 3207 996 3290 pulcherrima?
1012 3207 1090 3290 quid
1104 3205 1165 3270 tibi
1175 3205 1326 3289 gemma?

468 3308 571 3373 Pallet
586 3330 715 3392 gemma
729 3308 799 3389 tibi,
813 3331 875 3375 nec
889 3310 1036 3375 diadema
1050 3310 1144 3373 nitet.

302 3444 304 3450 ·
424 3417 528 3480 Deme
541 3413 602 3477 tibi
617 3414 733 3491 cidtus,
749 3414 874 3478 cultum
887 3421 1005 3478 natura
1019 3413 1191 3491 ministrat,

468 3517 540 3580 Nec
554 3516 715 3581 meliorari
727 3516 832 3580 forma
846 3516 940 3580 beata
954 3524 1070 3600 potest.

427 3620 628 3683 Ornamenta
641 3639 726 3697 cave,
741 3640 802 3682 nec
818 3619 988 3702 quicquam
1003 3619 1134 3683 luminis
1149 3618 1225 3682 inde

470 3723 616 3807 Accipis3
638 3723 694 3786 illa
708 3723 830 3787 micant
845 3723 968 3787 lumine
982 3745 1122 3807 namque
1134 3731 1201 3787 tuo.

386 3875 544 3941 nadunus
566 3873 820 3958 archiepiscopus
843 3875 1023 3939 Robertum
1042 3876 1256 3956 cestrensem,
1277 3876 1332 3940 Ri-

384 3976 517 4042 cardum
548 3973 830 4056 Herefordensem,
862 3977 1053 4061 Gregorium
1087 3979 1333 4056 Dublinensem,

386 4080 548 4165 episcopos
578 4084 751 4144 consecrat.
796 4082 869 4146 Rex
899 4082 1026 4164 Angliae
1056 4082 1219 4146 Henricus
1244 4082 1333 4145 Wal-

385 4187 491 4252 lenscs
506 4185 567 4251 sibi
583 4183 723 4270 subjicit.
