3216 5104
637 633 928 678 rcramuaouusu.
1216 618 1257 680 95

350 750 435 814 A.D.
453 751 548 813 1152.
594 749 685 813 Obiit
711 748 857 814 Matildi·
879 771 960 813 uxor
981 749 1065 832 regis
1091 749 1257 834 Stephani.

302 853 398 918 Obiit
416 853 578 918 Henricus
600 854 684 917 filius
706 853 791 936 regis
810 853 924 918 David.
970 852 1061 917 Obiit
1075 853 1258 918 Willelmus

306 959 473 1041 episcopus
488 958 723 1046 Londoniensis
732 983 741 1036 3
764 958 817 1021 cui
832 957 983 1022 successit
1000 958 1109 1040 Hug0.
1163 958 1259 1022 Tusci

308 1061 488 1126 Jerusalem
513 1061 648 1125 veniunt
674 1060 837 1139 obsidere;
870 1061 926 1124 sed
953 1060 1128 1126 Christiani
1153 1083 1258 1126 erum-

305 1172 429 1249 pentes,
445 1187 499 1229 eos
520 1186 623 1249 usquc
645 1165 686 1228 ad
705 1165 881 1229 Jordanem
899 1171 1148 1249 prosequuntur,
1168 1166 1257 1230 caesis

304 1269 447 1353 quinque
462 1269 615 1348 millibus,
630 1275 663 1332 et
679 1269 786 1352 spoliis
802 1290 914 1333 eorum
929 1269 1069 1353 direptis.
1108 1269 1257 1333 Matildis

304 1394 380 1437 vero
401 1373 590 1457 imperatrix
610 1373 646 1436 in
669 1373 800 1437 castello
822 1373 861 1437 de
880 1373 1044 1437 Bristollia
1061 1395 1257 1457 perannum

306 1483 339 1539 et
355 1475 524 1540 dimidium
538 1475 722 1560 praesidium
736 1477 853 1541 tenuit.
899 1477 1037 1540 Iuterim
1051 1477 1258 1560 interregem

305 1586 338 1645 et
354 1580 469 1645 ducem
485 1579 665 1645 Henricum
679 1581 791 1645 multae
806 1581 1045 1663 congressiones
1056 1581 1149 1646 factae
1161 1587 1256 1659 sunt,

304 1683 438 1747 tandem
463 1706 534 1768 pax,
559 1683 776 1748 mediantibus
801 1683 956 1768 episcopis
979 1689 1012 1748 et
1035 1683 1184 1767 praelatis,
1206 1705 1256 1750 re-

305 1787 472 1854 formatur.

347 1893 433 1956 A.D.
451 1894 544 1956 1153.
591 1893 658 1956 Pax
679 1892 766 1956 inter
780 1913 891 1975 regem
906 1898 939 1956 et
959 1891 1074 1956 ducem
1088 1892 1175 1957 facta
1196 1899 1255 1957 est.

306 1994 397 2059 Obiit
411 1996 605 2060 Eustachius
620 1997 705 2060 filius
723 1995 817 2080 regis,
834 2002 867 2060 et
885 1995 997 2060 Simon
1011 2017 1117 2060 comes
1132 1996 1256 2062 North-

305 2097 465 2176 amtoniae,
493 2098 657 2163 discordiae
682 2099 814 2162 maximi
838 2099 1031 2163 incentores.
1087 2099 1178 2164 Obiit
1199 2121 1255 2164 rex

304 2201 410 2265 David
435 2202 569 2267 Scotiae:
604 2203 754 2266 successit
777 2203 971 2267 Malcolmus
995 2209 1152 2287 cognatus
1175 2205 1254 2289 ejus.

305 2304 395 2368 Obiit
410 2304 578 2387 Eugenius
589 2326 688 2388 papa:
705 2306 857 2369 successit
868 2304 1061 2374 Anastasius
1073 2307 1133 2371 IV.
1165 2307 1256 2372 Obiit

306 2416 436 2473 sanctus
452 2409 638 2472 Bernardus
654 2409 752 2472 abbas
768 2409 1019 2489 Clarcvallensis,
1035 2411 1091 2495 qui
1105 2412 1141 2475 in
1155 2413 1256 2495 quad·

304 2512 432 2596 raginta
450 2513 554 2591 anniS,
579 2511 695 2597 quibus
719 2513 913 2578 monasterio
940 2536 998 2578 suo
1021 2516 1160 2599 praefuit,
1178 2516 1255 2581 fecit

303 2622 435 2680 centum
456 2623 489 2680 et
513 2613 728 2700 quadraginta
750 2606 953 2696 monasteria,
977 2626 1010 2682 et
1036 2617 1076 2683 de
1098 2620 1163 2683 suis
1186 2642 1254 2684 mo-

302 2719 414 2784 nachis
435 2741 539 2783 unum
559 2742 685 2804 papam,
703 2721 782 2784 duos
805 2721 992 2799 cardinales,
1008 2723 1166 2787 sexdecim
1189 2723 1254 2808 epi-

303 2844 414 2906 scopos
429 2830 462 2886 et
477 2823 739 2907 archiepiscopos,
748 2824 896 2888 videlicet
910 2833 986 2889 ante
998 2834 1136 2890 mortem
1151 2849 1253 2892 suam.

298 2924 369 2992 Hic
383 2927 457 2991 finit
469 2923 631 2991 'Chronica
646 2928 768 2992 Alredi.

309 3071 314 3084 ι
347 3030 431 3094 A.D.
458 3033 553 3094 1154.
599 3029 690 3094 Obiit
705 3052 760 3094 rex
777 3029 978 3114 Stephanus:
995 3031 1146 3096 successit
1163 3032 1254 3096 Hen-

303 3131 388 3196 ricus
414 3133 513 3196 filius
530 3131 750 3216 imperatricis.
767 3156 770 3166 “
797 3132 888 3196 Obiit
902 3136 1046 3198 'sanctus
1056 3139 1059 3146 ⁴
1071 3134 1254 3198 Willelmus

302 3236 557 3321 archiepiscopus
581 3235 810 3301 Eboracensis:
838 3237 989 3300 successit
1008 3238 1154 3319 Rogeru's
1169 3238 1253 3302 Oan-

303 3340 474 3404 tuariensis
489 3341 740 3420 archidiaconus,
757 3348 790 3405 et
810 3341 873 3424 [in]
895 3340 1171 3404 archidiaconatus
1186 3342 1253 3405 offi-

297 3443 389 3507 cium
409 3441 566 3508 'successit
593 3442 723 3508 sanctus
746 3444 894 3508 Thomas.
948 3444 1039 3508 Obiit
1062 3445 1254 3509 Anastasius

303 3569 402 3630 papa:
426 3548 577 3612 successit
599 3547 772 3626 Adrianus,
797 3547 953 3632 Anglicus
972 3568 1099 3630 genere.
1145 3549 1253 3613 Ludo-

301 3649 391 3714 vicus
405 3672 462 3714 rex
476 3649 620 3716 Franciae
637 3652 736 3715 filiam
755 3651 892 3730 Alfonsi,
907 3650 992 3735 regis
1011 3650 1253 3736 Hispaniarum,

302 3753 395 3818 duxit
416 3753 451 3818 in
473 3773 616 3820 uxorem.
661 3755 799 3820 Thomas
821 3756 906 3839 regis
928 3756 1057 3839 Angliae
1078 3757 1182 3821 factus
1204 3762 1254 3821 est

302 3857 520 3923 cancellariam.
565 3859 710 3924 Askalon
730 3881 750 3922 a
771 3859 962 3924 Christianis
986 3861 1119 3945 capitm,
1141 3868 1174 3927 et
1197 3862 1253 3925 ali-

302 3967 424 4044 quanto
448 3969 592 4047 ternpore
616 3963 805 4046 possidetur.
858 3963 1011 4046 Barlinge
1034 3964 1191 4029 fundatur
1214 3965 1254 4029 de

303 4064 674 4129 Praemonstratensibus.

345 4168 435 4256 An.
449 4172 543 4233 1155.
590 4170 660 4234 Rex
679 4169 851 4248 Henricus,
867 4169 952 4234 filius
972 4171 1131 4237 secundus
1152 4171 1253 4255 impe-

301 4267 437 4350 ratricis,
468 4277 641 4336 coronatur
671 4272 757 4356 apud
793 4273 995 4338 Lincolniam
1031 4274 1067 4340 in
1092 4274 1250 4358 Wigford.
