3226 5100
354 603 397 667 62
656 617 854 662 oauourcou
872 615 1007 660 suumn

354 761 374 803 a
396 735 535 822 pueritia
557 736 593 798 in
615 734 749 798 vinculis
774 733 942 810 habuerat,
967 737 1160 813 caeterosque
1182 751 1304 808 omnes,

355 863 435 926 quos
455 842 490 904 in
511 839 715 903 Normannia
729 837 778 900 vel
793 836 913 919 Anglia
932 834 1085 898 custodiae
1105 834 1305 918 mancipave-

354 954 415 1024 rat,
431 945 530 1008 libere
544 942 717 1019 relaxavit,
740 941 904 1003 Willelmo
921 939 987 1002 filio
1008 961 1065 1003 suo
1084 959 1221 1020 regnum
1236 938 1305 1000 An·

354 1048 437 1130 gliae,
463 1047 606 1110 Roberto
631 1043 846 1128 primogenito
869 1042 1059 1106 comitatum
1083 1042 1304 1120 Normauuiae,

356 1149 501 1214 Heurico
520 1167 596 1213 vero
613 1148 680 1212 filio
700 1147 854 1231 quasdam
872 1153 975 1209 terras
993 1166 1068 1208 cum
1085 1145 1238 1208 thesauro
1256 1166 1305 1208 as·

228 1338 229 1342 ¹
355 1253 492 1335 signavit
503 1277 513 1330 3
536 1251 624 1340 etjin
645 1250 778 1314 ecclesia
798 1249 901 1312 sancti
923 1247 1080 1331 Stephani
1100 1246 1185 1330 apud
1203 1247 1305 1310 Cedo·

354 1377 456 1433 mum,
473 1375 570 1438 quam
591 1375 611 1417 a
631 1351 852 1417 fundamentis
875 1357 1068 1429 extruxerat,
1088 1355 1184 1433 prout
1202 1350 1305 1434 jusse-

354 1465 415 1536 rat,
432 1458 578 1541 sepultus
594 1463 652 1520 est.

399 1559 561 1624 Successit
584 1579 660 1641 ergo
681 1558 717 1622 in
738 1573 876 1641 regnum
890 1556 1073 1621 Willelmus
1095 1556 1200 1620 Rufus
1221 1556 1306 1621 filius

354 1665 434 1748 ejus,
448 1663 503 1747 qui
518 1661 669 1726 festinato
680 1661 834 1744 Angliam
849 1667 971 1744 petens,
985 1660 1077 1724 duxit
1092 1681 1202 1724 secum
1217 1661 1306 1724 Mor-

354 1768 487 1845 carium,
504 1774 537 1830 et
554 1766 750 1829 Wulnotum
759 1791 768 1843 3
786 1764 848 1845 sed
869 1786 954 1842 mox,
974 1771 1012 1827 ut
1031 1764 1233 1828 Wintoniam
1254 1786 1307 1828 ve·

356 1871 416 1949 nit,
446 1870 527 1947 illoc,
559 1874 597 1932 ut
626 1868 724 1952 prius,
755 1867 873 1932 carceri
904 1867 1037 1930 tradidit
1071 1867 1306 1931 custodiendos.

355 1973 432 2056 Ipse
447 1972 499 2037 die
514 1972 694 2050 Dominica,
710 1977 799 2034 sexto
817 1970 1030 2034 kalendarum
1046 1970 1205 2050 Octobris,
1222 1971 1308 2054 apud

355 2074 682 2139 westmonasterium
703 2095 722 2136 a
742 2073 926 2136 Lanfrauoo
944 2072 1179 2157 archiepiscopo
1198 2095 1308 2138 conse·

355 2184 463 2243 oratus
483 2178 519 2241 in
538 2199 658 2261 regem,
674 2177 875 2260 multamque
894 2177 1076 2260 pecuniam,
1091 2186 1130 2241 ut
1149 2184 1242 2261 pater
1259 2201 1307 2242 us-

356 2282 547 2362 signaverat,
570 2300 628 2363 per
649 2279 804 2362 Angliam
824 2279 1018 2363 pauperibus
1041 2280 1177 2363 largitus
1201 2288 1249 2344 est
1273 2289 1306 2344 et

355 2385 507 2449 ecclesiis.
552 2383 716 2447 Wulsium
742 2383 840 2447 etiam
864 2383 1000 2446 Haroldi
1029 2384 1114 2467 regis
1144 2384 1307 2467 quondam

355 2488 468 2567 filium,
490 2494 523 2551 ct
545 2487 761 2550 Dunecanum
782 2486 949 2550 Malcolmi
967 2487 1051 2569 regis
1072 2487 1184 2565 filium,
1201 2508 1305 2552 acus·

355 2590 444 2654 todia
457 2590 590 2668 laxatos,
607 2594 639 2653 et
654 2590 751 2652 armis
766 2588 958 2652 militaribus
977 2589 1111 2654 donatos
1131 2589 1217 2653 abire
1235 2611 1306 2673 per-

355 2692 454 2758 misit.
486 2693 613 2756 Cnutus
624 2713 680 2755 rex
691 2684 859 2756 Danorum
872 2691 1000 2774 fugiens
1015 2693 1057 2756 ad
1072 2692 1180 2756 altaris
1196 2714 1306 2771 cornu,

356 2818 377 2858 a
391 2795 457 2859 suis
472 2795 638 2859 occiditur.

398 2899 483 2963 Ar).
509 2900 605 2961 1088.
646 2897 759 2960 Gravis
781 2897 818 2959 iu
839 2897 960 2980 Anglia
982 2905 1092 2962 exorta
1114 2906 1163 2962 est
1185 2899 1308 2977 seditio,

353 3002 576 3066 tumultuante
607 3000 723 3064 Odoue
752 2999 901 3084 episcopo
931 3001 1119 3065 Baiocensi:
1157 3003 1308 3067 volebant

355 3105 583 3183 enimomnes,
599 3109 668 3167 tam
683 3103 811 3185 Angliae
828 3123 924 3184 quam
939 3102 1159 3182 Normanniae,
1176 3105 1308 3168 comiter

355 3214 389 3272 et
410 3228 566 3291 proceres,
582 3207 746 3271 Willelmo
761 3207 901 3289 expulso,
918 3205 1097 3270 Robertum
1114 3207 1309 3291 primogeni-

353 3318 426 3375 tum
441 3332 551 3394 regem
566 3310 780 3388 constituere3
804 3309 943 3373 sednon
956 3310 1169 3393 perfecerunt.

397 3415 482 3478 ΑΒ.
515 3417 610 3479 1089.
667 3414 756 3478 Obiit
785 3413 939 3495 magister
971 3413 1172 3477 Lunfrancus
1207 3415 1309 3478 archi·
1355 3486 1357 3490 .

354 3517 520 3601 episcopus
549 3516 800 3595 Cantuariensis,
830 3516 1015 3599 vacavitque
1046 3517 1135 3581 sedes
1170 3524 1321 3604 quatuor,

355 3621 448 3684 annis
466 3627 499 3684 et
517 3620 627 3702 paucis
645 3618 820 3683 mensibus.
861 3621 987 3702 ingens
1006 3626 1101 3685 terrae
1123 3629 1231 3685 motus
1253 3643 1310 3705 per

354 3729 456 3786 totam
476 3720 630 3805 Angliam
649 3721 746 3785 tertio
766 3721 839 3784 idus
859 3722 1000 3804 Augusti
1021 3723 1181 3788 horrendo
1202 3724 1308 3803 modo,

354 3832 392 3889 ut
411 3824 545 3888 aedificia
564 3825 673 3888 omnia
692 3824 818 3888 eminus
839 3825 1009 3903 resilirent,
1026 3832 1059 3890 et
1079 3848 1154 3890 mox
1172 3829 1309 3910 pristino

353 3927 450 3992 modo
473 3927 659 3991 residerent.
706 3927 825 3991 Secuta
847 3934 896 3990 est
919 3927 1028 4011 inopia
1056 3930 1202 3994 omnium
1225 3931 1309 3994 truc·

354 4038 459 4110 tuum,
484 4029 579 4094 tarda
607 4030 776 4094 maturitas
805 4030 946 4113 frugum,
972 4039 1010 4095 ut
1039 4033 1092 4096 vix
1120 4033 1162 4096 ad
1190 4033 1309 4096 festum

354 4135 458 4198 sancti
472 4133 612 4198 Andreae
627 4133 878 4203 reconderentur
891 4156 1019 4199 messes.

397 4238 482 4301 A.D.
494 4240 587 4300 1090.
605 4239 675 4301 Rex
685 4238 867 4301 Willelmus
879 4244 1019 4301 castrum
1035 4238 1137 4302 sancti
1146 4236 1307 4317 Walerici,
