3212 5102
386 649 450 711 150
688 664 888 710 cnaonroon
904 663 1041 708 aroma

384 784 560 848 mationem
585 804 605 847 a
629 783 760 848 domino
784 805 877 867 papa,
902 804 999 867 quam
1023 789 1056 847 et
1080 781 1149 865 ipse
1172 780 1335 860 ostendit3

384 889 475 972 cujus
497 886 739 950 confirmatione
761 885 913 964 roborati,
933 885 1048 950 iratres
1071 885 1239 967 elegerunt
1261 903 1337 948 enm

384 990 421 1052 in
446 987 603 1072 priorem:
626 988 733 1053 atille
752 1008 811 1072 per
830 989 1023 1072 episcopum,
1043 993 1201 1071 praesente
1222 985 1338 1051 abbate

385 1096 418 1154 et
437 1091 548 1154 multis
568 1091 638 1154 aliis
652 1091 737 1170 viris,
753 1097 791 1155 ut
810 1091 1001 1175 praedictum
1016 1096 1074 1169 eat,
1091 1089 1267 1154 solenniter
1285 1089 1337 1152 in-

384 1191 518 1256 stitutus
543 1197 592 1255 est
617 1191 653 1254 in
679 1192 864 1275 prioratum
918 1193 997 1256 Non
1026 1197 1076 1256 eat
1106 1198 1217 1255 autem
1240 1190 1336 1255 silen-

386 1292 474 1372 dum,
495 1293 632 1376 qualiter
653 1314 687 1357 sc
708 1295 807 1376 gessit
827 1294 864 1357 in
886 1293 989 1358 officio
1011 1293 1279 1378 eleemosynariae,
1300 1293 1339 1356 in

386 1417 450 1480 quo
465 1397 565 1475 stetit,
582 1417 682 1479 quum
698 1398 878 1478 eligeretur.
924 1396 1138 1461 Permissione
1157 1396 1271 1479 prioris
1286 1395 1338 1460 aui

386 1501 465 1564 emit
486 1507 598 1579 terras,
615 1502 782 1565 aedificavit
797 1501 907 1566 domos
929 1506 962 1565 et
984 1501 1149 1584 capellam,
1163 1500 1241 1564 fecit
1262 1500 1337 1563 hor-

385 1609 466 1682 tum,
481 1601 637 1686 plantavit
651 1603 779 1667 vineam
799 1608 832 1667 et
853 1603 1006 1686 pomaria,
1022 1602 1228 1686 congregavit
1243 1601 1337 1665 mise-

385 1729 447 1787 ros,
470 1707 617 1792 praebens
637 1709 682 1772 eis
706 1709 885 1772 necessaria
908 1709 1062 1772 alimenta
1069 1733 1080 1787 3
1104 1714 1137 1772 et
1157 1707 1184 1771 ai
1204 1707 1338 1772 solerter

386 1831 420 1874 se
444 1810 542 1893 gessit
564 1810 600 1873 iu
625 1811 728 1874 officio
750 1811 913 1893 praedicto,
936 1810 1084 1874 solertius
1107 1830 1141 1874 se
1164 1809 1279 1874 habuit
1301 1809 1356 1873 in¹

386 1913 489 1978 officio
504 1911 718 1996 subsequuto:
742 1913 821 1977 emit
836 1919 945 1976 autem
960 1912 1095 1977 boscum
1108 1912 1145 1975 in
1160 1913 1337 1998 Kestevyn,

385 2015 464 2078 emit
482 2020 595 2093 terras,
611 2037 690 2098 quas
710 2015 877 2079 constituit
898 2015 939 2079 ad
959 2015 1210 2079 anniversarium
1231 2035 1337 2093 suum,

386 2116 567 2200 statuitque
581 2116 831 2199 pietantiarium.
856 2117 1003 2180 Convicit
1014 2116 1113 2180 etiam
1124 2117 1339 2181 sokemannos

385 2240 458 2283 suos
480 2218 520 2282 de
542 2218 768 2302 Pynohebeke,
783 2221 930 2298 Weston,
951 2225 984 2284 et
1005 2219 1150 2298 Multon,
1166 2239 1242 2283 suos
1265 2239 1335 2282 esse

385 2323 531 2402 rusticos,
547 2322 603 2406 qui
625 2322 655 2386 ei
675 2322 784 2387 debita
803 2322 931 2405 servitia
953 2343 1011 2386 sua
1032 2328 1066 2387 et
1087 2321 1338 2387 consuetudines

387 2427 591 2511 denegabant
616 2428 653 2492 in
676 2427 861 2493 libertatem
883 2429 1128 2511 proclamantes,
1153 2448 1211 2510 per
1236 2448 1339 2492 sacra·

387 2538 536 2596 mentum
558 2531 727 2596 duodecim
748 2533 899 2613 militum,
924 2534 976 2598 die
1001 2533 1098 2598 tertia
1122 2537 1198 2597 ante
1219 2532 1340 2596 festum

388 2635 491 2698 sancti
511 2634 659 2715 Gregorii
680 2656 779 2718 papae,
796 2636 882 2718 apud
903 2636 1116 2700 Lincolniam.
1163 2634 1261 2699 Rexit
1283 2655 1340 2698 au-

387 2742 457 2801 tem
471 2735 603 2799 domum
618 2758 709 2801 suam
723 2739 807 2803 bene
822 2745 855 2802 et
870 2739 905 2803 in
920 2760 1008 2823 pace,
1024 2739 1207 2804 custodiens
1228 2758 1299 2802 eam
1320 2759 1340 2802 a

388 2836 471 2920 lupis
492 2837 706 2902 irruentibus:
730 2846 763 2903 et
778 2840 856 2903 dum
870 2841 1060 2924 complesset
1073 2843 1109 2905 in
1122 2841 1267 2925 prioratu
1282 2862 1339 2905 an·

388 2961 470 3004 num
483 2939 669 3005 vicesimum
683 2942 834 3026 primum,
850 2943 963 3008 incidit
982 2943 1018 3007 in
1038 2944 1182 3008 animum
1198 2944 1267 3027 ejus
1284 2963 1339 3026 pe-

389 3043 547 3126 regrinari¹
568 3044 654 3128 apud
675 3045 902 3110 Pontiniacum
923 3046 959 3109 in
981 3046 1103 3110 Galliis.
1148 3046 1338 3129 Peregrina-

388 3146 477 3211 tione
491 3154 629 3230 peracta,
644 3148 776 3232 ipsoque
790 3155 979 3228 revertente,
996 3150 1082 3233 apud
1097 3156 1244 3214 sanctum
1260 3149 1339 3213 Dio·
1391 3139 1392 3142 ¹

387 3250 518 3333 nysium
544 3251 644 3314 vitam
672 3251 776 3316 finivit
805 3258 915 3317 octavo
940 3253 1152 3316 kalendarum
1178 3250 1338 3317 Octobris.

388 3351 516 3416 Fratres
531 3359 650 3432 autem,
666 3354 722 3437 qui
739 3375 815 3418 cum
833 3376 871 3419 eo
890 3361 992 3434 erant,
1009 3355 1227 3438 deposnerunt
1242 3355 1339 3419 soler-

387 3460 439 3518 ter
453 3475 567 3539 corpus
582 3457 651 3540 ejus
665 3456 700 3519 in
715 3457 858 3521 medium
874 3479 1065 3541 pannorum,
1082 3463 1116 3521 et
1131 3458 1175 3521 sic
1190 3457 1340 3521 ciamare

387 3559 633 3638 transtulerunt,
657 3566 690 3624 et
712 3561 754 3625 ad
775 3562 907 3626 domum
928 3561 1090 3646 propriam
1110 3567 1339 3645 portaverunt3

388 3658 497 3742 ibique
518 3661 661 3744 sepultus
681 3669 730 3728 est
749 3684 824 3728 cum
842 3664 964 3728 honore
983 3664 1019 3728 in
1038 3663 1167 3728 sinistra
1181 3669 1274 3746 parte
1289 3684 1340 3727 ec-

388 3761 501 3839 clesiae,
517 3767 593 3825 ante
609 3764 728 3827 altare:
751 3765 830 3828 vixit
845 3770 954 3828 autem
968 3765 1003 3828 in
1018 3765 1162 3848 prioratu
1175 3764 1291 3846 viginti
1306 3769 1340 3828 et

390 3862 515 3927 duobus
531 3865 634 3929 annia.
679 3866 792 3931 Terras
812 3873 930 3947 autem,
947 3889 1026 3951 quas
1046 3867 1211 3932 senescalli
1229 3867 1281 3930 sui
1298 3866 1340 3931 ab

387 3967 573 4031 hominibus
596 3967 661 4032 suis
682 3968 766 4032 male
788 3969 1015 4052 adquisierant,
1035 3971 1120 4054 ipsas
1138 3969 1276 4034 redemit
1298 3969 1339 4034 ab

388 4068 569 4136 haeredibus
589 4091 710 4150 eorum,
730 4079 768 4136 ut
788 4072 944 4156 scriptura
964 4073 1202 4157 adimpleretur,
1218 4071 1338 4150 dicens,

388 4174 443 4238 De
461 4176 541 4238 mole
560 4175 724 4258 adquisitis
743 4195 803 4239 ooo
818 4177 967 4258 pandebit
990 4178 1100 4240 tertios
1119 4175 1226 4239 iae'rea
1270 4176 1339 4240 Istc

388 4277 451 4341 fuit
473 4278 656 4344 Willalmus
678 4279 709 4344 le
730 4278 863 4364 Moyne.
909 4279 1079 4343 Cameram
1102 4284 1212 4344 autem
1235 4277 1341 4362 pedri-
