<?xml version="1.0" encoding="UTF-8"?>
<!DOCTYPE html PUBLIC "-//W3C//DTD XHTML 1.0 Transitional//EN"
    "http://www.w3.org/TR/xhtml1/DTD/xhtml1-transitional.dtd">
<html xmlns="http://www.w3.org/1999/xhtml" xml:lang="en" lang="en">
 <head>
  <title>
</title>
<meta http-equiv="Content-Type" content="text/html;charset=utf-8" />
  <meta name='ocr-system' content='tesseract 3.04.00' />
  <meta name='ocr-capabilities' content='ocr_page ocr_carea ocr_par ocr_line ocrx_word'/>
</head>
<body>
  <div class='ocr_page' id='page_1' title='image "./chroniconanglia00chrogoog_0170.png"; bbox 0 0 3212 5102; ppageno 0'>
   <div class='ocr_carea' id='block_1_1' title="bbox 406 601 1050 666">
    <p class='ocr_par' dir='ltr' id='par_1_1' title="bbox 406 601 1050 666">
     <span class='ocr_line' id='line_1_1' title="bbox 406 601 1050 666; baseline 0.006 -5"><span class='ocrx_word' id='word_1_1' title='bbox 406 601 468 662; x_wconf 80' lang='lat'><strong>148</strong></span> <span class='ocrx_word' id='word_1_2' title='bbox 701 620 898 664; x_wconf 80' lang='lat' dir='ltr'><strong>cnaorucou</strong></span> <span class='ocrx_word' id='word_1_3' title='bbox 914 621 1050 666; x_wconf 75' lang='lat' dir='ltr'><strong>suanis</strong></span> 
     </span>
    </p>
   </div>
   <div class='ocr_carea' id='block_1_2' title="bbox 362 733 1364 3791">
    <p class='ocr_par' dir='ltr' id='par_1_2' title="bbox 401 733 1356 2053">
     <span class='ocr_line' id='line_1_2' title="bbox 401 733 1354 820; baseline 0.003 -21"><span class='ocrx_word' id='word_1_4' title='bbox 401 734 488 814; x_wconf 91' lang='lat' dir='ltr'><strong>dine,</strong></span> <span class='ocrx_word' id='word_1_5' title='bbox 499 734 535 798; x_wconf 94' lang='lat' dir='ltr'><strong>in</strong></span> <span class='ocrx_word' id='word_1_6' title='bbox 547 733 730 799; x_wconf 84' lang='lat' dir='ltr'><strong>Christiano</strong></span> <span class='ocrx_word' id='word_1_7' title='bbox 741 735 883 799; x_wconf 83' lang='lat' dir='ltr'><strong>exercitu</strong></span> <span class='ocrx_word' id='word_1_8' title='bbox 897 735 1082 820; x_wconf 81' lang='lat' dir='ltr'><strong>pestilentia</strong></span> <span class='ocrx_word' id='word_1_9' title='bbox 1097 735 1258 817; x_wconf 86' lang='lat' dir='ltr'><strong>saeviente,</strong></span> <span class='ocrx_word' id='word_1_10' title='bbox 1269 739 1354 802; x_wconf 87' lang='lat' dir='ltr'><strong>mor&#39;-</strong></span> 
     </span>
     <span class='ocr_line' id='line_1_3' title="bbox 401 837 1355 918; baseline 0.004 -17"><span class='ocrx_word' id='word_1_11' title='bbox 401 837 452 902; x_wconf 93' lang='lat' dir='ltr'><strong>tui</strong></span> <span class='ocrx_word' id='word_1_12' title='bbox 467 843 552 902; x_wconf 89' lang='lat' dir='ltr'><strong>sunt.</strong></span> <span class='ocrx_word' id='word_1_13' title='bbox 580 839 739 902; x_wconf 83' lang='lat' dir='ltr'><strong>Dominus</strong></span> <span class='ocrx_word' id='word_1_14' title='bbox 754 859 829 902; x_wconf 91' lang='lat' dir='ltr'><strong>vero</strong></span> <span class='ocrx_word' id='word_1_15' title='bbox 842 838 1029 918; x_wconf 84' lang='lat' dir='ltr'><strong>Edwardus,</strong></span> <span class='ocrx_word' id='word_1_16' title='bbox 1042 860 1116 903; x_wconf 93' lang='lat' dir='ltr'><strong>cum</strong></span> <span class='ocrx_word' id='word_1_17' title='bbox 1132 840 1355 905; x_wconf 89' lang='lat' dir='ltr'><strong>archidiacono</strong></span> 
     </span>
     <span class='ocr_line' id='line_1_4' title="bbox 403 941 1355 1025; baseline 0.001 -20"><span class='ocrx_word' id='word_1_18' title='bbox 403 941 602 1019; x_wconf 69' lang='lat' dir='ltr'><strong>laodicensi,</strong></span> <span class='ocrx_word' id='word_1_19' title='bbox 613 941 790 1006; x_wconf 86' lang='lat' dir='ltr'><strong>incolumes</strong></span> <span class='ocrx_word' id='word_1_20' title='bbox 806 941 847 1005; x_wconf 88' lang='lat' dir='ltr'><strong>ad</strong></span> <span class='ocrx_word' id='word_1_21' title='bbox 858 941 950 1006; x_wconf 89' lang='lat' dir='ltr'><strong>Acon</strong></span> <span class='ocrx_word' id='word_1_22' title='bbox 962 942 1168 1025; x_wconf 77' lang='lat' dir='ltr'><strong>applicantes,</strong></span> <span class='ocrx_word' id='word_1_23' title='bbox 1182 964 1256 1006; x_wconf 92' lang='lat' dir='ltr'><strong>cum</strong></span> <span class='ocrx_word' id='word_1_24' title='bbox 1267 965 1355 1006; x_wconf 87' lang='lat' dir='ltr'><strong>max-</strong></span> 
     </span>
     <span class='ocr_line' id='line_1_5' title="bbox 401 1043 1356 1127; baseline 0.002 -19"><span class='ocrx_word' id='word_1_25' title='bbox 401 1043 468 1108; x_wconf 92' lang='lat' dir='ltr'><strong>imo</strong></span> <span class='ocrx_word' id='word_1_26' title='bbox 491 1066 510 1107; x_wconf 90' lang='lat' dir='ltr'><strong>a</strong></span> <span class='ocrx_word' id='word_1_27' title='bbox 533 1044 723 1109; x_wconf 85' lang='lat' dir='ltr'><strong>Christianis</strong></span> <span class='ocrx_word' id='word_1_28' title='bbox 750 1045 867 1127; x_wconf 89' lang='lat' dir='ltr'><strong>gaudio</strong></span> <span class='ocrx_word' id='word_1_29' title='bbox 891 1045 1013 1127; x_wconf 81' lang='lat' dir='ltr'><strong>recepti</strong></span> <span class='ocrx_word' id='word_1_30' title='bbox 1035 1052 1130 1123; x_wconf 83' lang='lat' dir='ltr'><strong>sunt3</strong></span> <span class='ocrx_word' id='word_1_31' title='bbox 1153 1046 1211 1109; x_wconf 95' lang='lat' dir='ltr'><strong>ubi</strong></span> <span class='ocrx_word' id='word_1_32' title='bbox 1232 1068 1356 1110; x_wconf 89' lang='lat' dir='ltr'><strong>moram</strong></span> 
     </span>
     <span class='ocr_line' id='line_1_6' title="bbox 402 1147 1355 1231; baseline 0 -21"><span class='ocrx_word' id='word_1_33' title='bbox 402 1167 461 1229; x_wconf 89' lang='lat' dir='ltr'><strong>per</strong></span> <span class='ocrx_word' id='word_1_34' title='bbox 483 1168 604 1210; x_wconf 91' lang='lat' dir='ltr'><strong>annum</strong></span> <span class='ocrx_word' id='word_1_35' title='bbox 618 1147 775 1226; x_wconf 83' lang='lat' dir='ltr'><strong>faciendo,</strong></span> <span class='ocrx_word' id='word_1_36' title='bbox 790 1147 826 1211; x_wconf 92' lang='lat' dir='ltr'><strong>in</strong></span> <span class='ocrx_word' id='word_1_37' title='bbox 842 1168 899 1211; x_wconf 93' lang='lat' dir='ltr'><strong>suo</strong></span> <span class='ocrx_word' id='word_1_38' title='bbox 915 1147 1057 1212; x_wconf 85' lang='lat' dir='ltr'><strong>conclavi</strong></span> <span class='ocrx_word' id='word_1_39' title='bbox 1072 1169 1091 1211; x_wconf 89' lang='lat' dir='ltr'><strong>a</strong></span> <span class='ocrx_word' id='word_1_40' title='bbox 1105 1147 1244 1231; x_wconf 90' lang='lat' dir='ltr'><strong>quodam</strong></span> <span class='ocrx_word' id='word_1_41' title='bbox 1263 1149 1355 1211; x_wconf 87' lang='lat' dir='ltr'><strong>Sara-</strong></span> 
     </span>
     <span class='ocr_line' id='line_1_7' title="bbox 402 1247 1356 1328; baseline 0.002 -16"><span class='ocrx_word' id='word_1_42' title='bbox 402 1269 483 1312; x_wconf 90' lang='lat' dir='ltr'><strong>ceno</strong></span> <span class='ocrx_word' id='word_1_43' title='bbox 500 1247 536 1312; x_wconf 92' lang='lat' dir='ltr'><strong>in</strong></span> <span class='ocrx_word' id='word_1_44' title='bbox 555 1248 687 1313; x_wconf 88' lang='lat' dir='ltr'><strong>brachio</strong></span> <span class='ocrx_word' id='word_1_45' title='bbox 707 1270 765 1314; x_wconf 91' lang='lat' dir='ltr'><strong>suo</strong></span> <span class='ocrx_word' id='word_1_46' title='bbox 783 1249 946 1313; x_wconf 81' lang='lat' dir='ltr'><strong>lethaliter</strong></span> <span class='ocrx_word' id='word_1_47' title='bbox 961 1256 1009 1313; x_wconf 90' lang='lat' dir='ltr'><strong>est</strong></span> <span class='ocrx_word' id='word_1_48' title='bbox 1024 1250 1210 1314; x_wconf 83' lang='lat' dir='ltr'><strong>uilneratus</strong></span> <span class='ocrx_word' id='word_1_49' title='bbox 1219 1276 1228 1328; x_wconf 89' lang='lat'>;</span> <span class='ocrx_word' id='word_1_50' title='bbox 1252 1257 1285 1314; x_wconf 94' lang='lat' dir='ltr'><strong>et</strong></span> <span class='ocrx_word' id='word_1_51' title='bbox 1301 1272 1356 1314; x_wconf 88' lang='lat' dir='ltr'><strong>au-</strong></span> 
     </span>
     <span class='ocr_line' id='line_1_8' title="bbox 403 1350 1355 1435; baseline 0.002 -21"><span class='ocrx_word' id='word_1_52' title='bbox 403 1350 472 1414; x_wconf 89' lang='lat' dir='ltr'><strong>dita</strong></span> <span class='ocrx_word' id='word_1_53' title='bbox 486 1357 590 1416; x_wconf 90' lang='lat' dir='ltr'><strong>morte</strong></span> <span class='ocrx_word' id='word_1_54' title='bbox 606 1351 706 1434; x_wconf 88' lang='lat' dir='ltr'><strong>patris</strong></span> <span class='ocrx_word' id='word_1_55' title='bbox 722 1351 781 1430; x_wconf 90' lang='lat' dir='ltr'><strong>sui,</strong></span> <span class='ocrx_word' id='word_1_56' title='bbox 797 1353 962 1435; x_wconf 90' lang='lat' dir='ltr'><strong>captisque</strong></span> <span class='ocrx_word' id='word_1_57' title='bbox 981 1353 1105 1434; x_wconf 81' lang='lat' dir='ltr'><strong>treugis</strong></span> <span class='ocrx_word' id='word_1_58' title='bbox 1125 1352 1235 1416; x_wconf 90' lang='lat' dir='ltr'><strong>decem</strong></span> <span class='ocrx_word' id='word_1_59' title='bbox 1256 1373 1355 1416; x_wconf 90' lang='lat' dir='ltr'><strong>anno-</strong></span> 
     </span>
     <span class='ocr_line' id='line_1_9' title="bbox 403 1453 1353 1538; baseline 0 -20"><span class='ocrx_word' id='word_1_60' title='bbox 403 1475 478 1517; x_wconf 85' lang='lat' dir='ltr'><strong>rum</strong></span> <span class='ocrx_word' id='word_1_61' title='bbox 499 1476 574 1518; x_wconf 92' lang='lat' dir='ltr'><strong>cum</strong></span> <span class='ocrx_word' id='word_1_62' title='bbox 598 1454 738 1518; x_wconf 85' lang='lat' dir='ltr'><strong>Soldano</strong></span> <span class='ocrx_word' id='word_1_63' title='bbox 759 1453 944 1538; x_wconf 88' lang='lat' dir='ltr'><strong>Babylonis,</strong></span> <span class='ocrx_word' id='word_1_64' title='bbox 964 1455 1000 1518; x_wconf 93' lang='lat' dir='ltr'><strong>in</strong></span> <span class='ocrx_word' id='word_1_65' title='bbox 1014 1454 1169 1537; x_wconf 86' lang='lat' dir='ltr'><strong>Angliam</strong></span> <span class='ocrx_word' id='word_1_66' title='bbox 1189 1455 1353 1519; x_wconf 84' lang='lat' dir='ltr'><strong>remeavit.</strong></span> 
     </span>
     <span class='ocr_line' id='line_1_10' title="bbox 405 1556 1355 1639; baseline 0.003 -20"><span class='ocrx_word' id='word_1_67' title='bbox 405 1557 577 1635; x_wconf 89' lang='lat' dir='ltr'><strong>Henricus,</strong></span> <span class='ocrx_word' id='word_1_68' title='bbox 593 1557 678 1620; x_wconf 88' lang='lat' dir='ltr'><strong>filius</strong></span> <span class='ocrx_word' id='word_1_69' title='bbox 695 1557 825 1621; x_wconf 87' lang='lat' dir='ltr'><strong>Ricardi</strong></span> <span class='ocrx_word' id='word_1_70' title='bbox 844 1557 928 1639; x_wconf 78' lang='lat' dir='ltr'><strong>regis</strong></span> <span class='ocrx_word' id='word_1_71' title='bbox 943 1556 1154 1636; x_wconf 84' lang='lat' dir='ltr'><strong>Alemanniae,</strong></span> <span class='ocrx_word' id='word_1_72' title='bbox 1171 1579 1190 1620; x_wconf 91' lang='lat' dir='ltr'><strong>a</strong></span> <span class='ocrx_word' id='word_1_73' title='bbox 1206 1558 1355 1622; x_wconf 89' lang='lat' dir='ltr'><strong>Guidone</strong></span> 
     </span>
     <span class='ocr_line' id='line_1_11' title="bbox 405 1659 1356 1738; baseline 0 -15"><span class='ocrx_word' id='word_1_74' title='bbox 405 1659 445 1723; x_wconf 90' lang='lat' dir='ltr'><strong>de</strong></span> <span class='ocrx_word' id='word_1_75' title='bbox 467 1660 660 1724; x_wconf 85' lang='lat' dir='ltr'><strong>Monteforti</strong></span> <span class='ocrx_word' id='word_1_76' title='bbox 682 1664 715 1723; x_wconf 89' lang='lat' dir='ltr'><strong>et</strong></span> <span class='ocrx_word' id='word_1_77' title='bbox 739 1659 870 1722; x_wconf 85' lang='lat' dir='ltr'><strong>Simone</strong></span> <span class='ocrx_word' id='word_1_78' title='bbox 891 1659 990 1722; x_wconf 85' lang='lat' dir='ltr'><strong>fratre</strong></span> <span class='ocrx_word' id='word_1_79' title='bbox 1013 1681 1081 1738; x_wconf 91' lang='lat' dir='ltr'><strong>suo,</strong></span> <span class='ocrx_word' id='word_1_80' title='bbox 1097 1659 1175 1722; x_wconf 92' lang='lat' dir='ltr'><strong>dum</strong></span> <span class='ocrx_word' id='word_1_81' title='bbox 1195 1660 1315 1723; x_wconf 86' lang='lat' dir='ltr'><strong>rediret</strong></span> <span class='ocrx_word' id='word_1_82' title='bbox 1337 1682 1356 1723; x_wconf 87' lang='lat' dir='ltr'><strong>a</strong></span> 
     </span>
     <span class='ocr_line' id='line_1_12' title="bbox 404 1760 1355 1845; baseline 0.001 -20"><span class='ocrx_word' id='word_1_83' title='bbox 404 1761 533 1845; x_wconf 74' lang='lat' dir='ltr'><strong>Tripoli,</strong></span> <span class='ocrx_word' id='word_1_84' title='bbox 550 1761 635 1845; x_wconf 90' lang='lat' dir='ltr'><strong>apud</strong></span> <span class='ocrx_word' id='word_1_85' title='bbox 646 1760 830 1825; x_wconf 91' lang='lat' dir='ltr'><strong>Viterbium</strong></span> <span class='ocrx_word' id='word_1_86' title='bbox 844 1761 880 1824; x_wconf 90' lang='lat' dir='ltr'><strong>in</strong></span> <span class='ocrx_word' id='word_1_87' title='bbox 895 1761 1026 1824; x_wconf 83' lang='lat' dir='ltr'><strong>ecclesia</strong></span> <span class='ocrx_word' id='word_1_88' title='bbox 1041 1769 1090 1826; x_wconf 91' lang='lat' dir='ltr'><strong>est</strong></span> <span class='ocrx_word' id='word_1_89' title='bbox 1104 1761 1236 1825; x_wconf 89' lang='lat' dir='ltr'><strong>occisus.</strong></span> <span class='ocrx_word' id='word_1_90' title='bbox 1264 1761 1355 1826; x_wconf 88' lang='lat' dir='ltr'><strong>Obiit</strong></span> 
     </span>
     <span class='ocr_line' id='line_1_13' title="bbox 403 1864 1354 1951; baseline -0.001 -22"><span class='ocrx_word' id='word_1_91' title='bbox 403 1873 494 1949; x_wconf 88' lang='lat' dir='ltr'><strong>pater</strong></span> <span class='ocrx_word' id='word_1_92' title='bbox 516 1866 585 1951; x_wconf 89' lang='lat' dir='ltr'><strong>ejus</strong></span> <span class='ocrx_word' id='word_1_93' title='bbox 601 1865 756 1930; x_wconf 86' lang='lat' dir='ltr'><strong>Ricardus</strong></span> <span class='ocrx_word' id='word_1_94' title='bbox 778 1883 834 1928; x_wconf 81' lang='lat' dir='ltr'><strong>ren</strong></span> <span class='ocrx_word' id='word_1_95' title='bbox 855 1864 1067 1944; x_wconf 88' lang='lat' dir='ltr'><strong>Alemanniae,</strong></span> <span class='ocrx_word' id='word_1_96' title='bbox 1083 1871 1116 1928; x_wconf 90' lang='lat' dir='ltr'><strong>et</strong></span> <span class='ocrx_word' id='word_1_97' title='bbox 1139 1865 1283 1948; x_wconf 89' lang='lat' dir='ltr'><strong>sepultus</strong></span> <span class='ocrx_word' id='word_1_98' title='bbox 1305 1870 1354 1929; x_wconf 88' lang='lat' dir='ltr'><strong>est</strong></span> 
     </span>
     <span class='ocr_line' id='line_1_14' title="bbox 405 1970 637 2053; baseline -0.004 -20"><span class='ocrx_word' id='word_1_99' title='bbox 405 1970 491 2052; x_wconf 87' lang='lat' dir='ltr'><strong>apud</strong></span> <span class='ocrx_word' id='word_1_100' title='bbox 505 1970 637 2053; x_wconf 85' lang='lat' dir='ltr'><strong>Hayles.</strong></span> 
     </span>
    </p>

    <p class='ocr_par' dir='ltr' id='par_1_3' title="bbox 362 2064 1364 3791">
     <span class='ocr_line' id='line_1_15' title="bbox 446 2064 1354 2153; baseline -0.002 -17"><span class='ocrx_word' id='word_1_101' title='bbox 446 2072 531 2136; x_wconf 89' lang='lat' dir='ltr'><strong>A.D.</strong></span> <span class='ocrx_word' id='word_1_102' title='bbox 546 2074 640 2136; x_wconf 79' lang='lat'>1271.</span> <span class='ocrx_word' id='word_1_103' title='bbox 673 2071 763 2135; x_wconf 89' lang='lat' dir='ltr'><strong>Obiit</strong></span> <span class='ocrx_word' id='word_1_104' title='bbox 779 2064 939 2135; x_wconf 85' lang='lat' dir='ltr'><strong>Henri&#39;cus</strong></span> <span class='ocrx_word' id='word_1_105' title='bbox 953 2092 1010 2134; x_wconf 84' lang='lat' dir='ltr'><strong>rex</strong></span> <span class='ocrx_word' id='word_1_106' title='bbox 1023 2070 1152 2152; x_wconf 88' lang='lat' dir='ltr'><strong>Angliae</strong></span> <span class='ocrx_word' id='word_1_107' title='bbox 1167 2070 1254 2153; x_wconf 91' lang='lat' dir='ltr'><strong>apud</strong></span> <span class='ocrx_word' id='word_1_108' title='bbox 1268 2071 1354 2134; x_wconf 86' lang='lat' dir='ltr'><strong>Lon·</strong></span> 
     </span>
     <span class='ocr_line' id='line_1_16' title="bbox 404 2173 1354 2256; baseline -0.003 -18"><span class='ocrx_word' id='word_1_109' title='bbox 404 2173 544 2253; x_wconf 88' lang='lat' dir='ltr'><strong>doniam,</strong></span> <span class='ocrx_word' id='word_1_110' title='bbox 560 2173 612 2237; x_wconf 89' lang='lat' dir='ltr'><strong>die</strong></span> <span class='ocrx_word' id='word_1_111' title='bbox 627 2173 730 2237; x_wconf 89' lang='lat' dir='ltr'><strong>sancti</strong></span> <span class='ocrx_word' id='word_1_112' title='bbox 743 2173 910 2236; x_wconf 83' lang='lat' dir='ltr'><strong>Edmundi</strong></span> <span class='ocrx_word' id='word_1_113' title='bbox 929 2173 1156 2256; x_wconf 88' lang='lat' dir='ltr'><strong>archiepiscopi</strong></span> <span class='ocrx_word' id='word_1_114' title='bbox 1178 2179 1211 2236; x_wconf 91' lang='lat' dir='ltr'><strong>et</strong></span> <span class='ocrx_word' id='word_1_115' title='bbox 1234 2173 1354 2236; x_wconf 82' lang='lat' dir='ltr'><strong>confes-</strong></span> 
     </span>
     <span class='ocr_line' id='line_1_17' title="bbox 404 2274 1355 2358; baseline -0.001 -19"><span class='ocrx_word' id='word_1_116' title='bbox 404 2275 493 2354; x_wconf 89' lang='lat' dir='ltr'><strong>soris,</strong></span> <span class='ocrx_word' id='word_1_117' title='bbox 506 2281 538 2339; x_wconf 92' lang='lat' dir='ltr'><strong>et</strong></span> <span class='ocrx_word' id='word_1_118' title='bbox 549 2275 584 2339; x_wconf 93' lang='lat' dir='ltr'><strong>in</strong></span> <span class='ocrx_word' id='word_1_119' title='bbox 595 2275 727 2339; x_wconf 89' lang='lat' dir='ltr'><strong>ecclesia</strong></span> <span class='ocrx_word' id='word_1_120' title='bbox 738 2275 842 2339; x_wconf 88' lang='lat' dir='ltr'><strong>sancti</strong></span> <span class='ocrx_word' id='word_1_121' title='bbox 856 2274 944 2338; x_wconf 91' lang='lat' dir='ltr'><strong>Petri</strong></span> <span class='ocrx_word' id='word_1_122' title='bbox 958 2274 1247 2352; x_wconf 85' lang='lat' dir='ltr'><strong>Westmonasterii,</strong></span> <span class='ocrx_word' id='word_1_123' title='bbox 1258 2277 1355 2358; x_wconf 86' lang='lat' dir='ltr'><strong>quani</strong></span> 
     </span>
     <span class='ocr_line' id='line_1_18' title="bbox 403 2375 1353 2459; baseline -0.001 -18"><span class='ocrx_word' id='word_1_124' title='bbox 403 2383 626 2441; x_wconf 82' lang='lat' dir='ltr'><strong>construxerat</strong></span> <span class='ocrx_word' id='word_1_125' title='bbox 645 2398 664 2439; x_wconf 87' lang='lat' dir='ltr'><strong>a</strong></span> <span class='ocrx_word' id='word_1_126' title='bbox 682 2377 914 2454; x_wconf 86' lang='lat' dir='ltr'><strong>fundamentis,</strong></span> <span class='ocrx_word' id='word_1_127' title='bbox 933 2375 1106 2440; x_wconf 86' lang='lat' dir='ltr'><strong>honorifice</strong></span> <span class='ocrx_word' id='word_1_128' title='bbox 1129 2382 1178 2440; x_wconf 91' lang='lat' dir='ltr'><strong>est</strong></span> <span class='ocrx_word' id='word_1_129' title='bbox 1200 2376 1353 2459; x_wconf 87' lang='lat' dir='ltr'><strong>sepultus.</strong></span> 
     </span>
     <span class='ocr_line' id='line_1_19' title="bbox 404 2475 1364 2562; baseline -0.003 -18"><span class='ocrx_word' id='word_1_130' title='bbox 404 2479 586 2562; x_wconf 88' lang='lat' dir='ltr'><strong>Rediitque,</strong></span> <span class='ocrx_word' id='word_1_131' title='bbox 603 2478 713 2543; x_wconf 87' lang='lat' dir='ltr'><strong>audita</strong></span> <span class='ocrx_word' id='word_1_132' title='bbox 734 2485 838 2542; x_wconf 88' lang='lat' dir='ltr'><strong>morte</strong></span> <span class='ocrx_word' id='word_1_133' title='bbox 859 2479 969 2561; x_wconf 89' lang='lat' dir='ltr'><strong>pat1is,</strong></span> <span class='ocrx_word' id='word_1_134' title='bbox 984 2478 1161 2542; x_wconf 84' lang='lat' dir='ltr'><strong>Edwardus</strong></span> <span class='ocrx_word' id='word_1_135' title='bbox 1180 2477 1265 2541; x_wconf 87' lang='lat' dir='ltr'><strong>filius</strong></span> <span class='ocrx_word' id='word_1_136' title='bbox 1284 2475 1364 2562; x_wconf 53' lang='lat' dir='ltr'><strong>ejus*</strong></span> 
     </span>
     <span class='ocr_line' id='line_1_20' title="bbox 404 2580 1354 2665; baseline 0 -21"><span class='ocrx_word' id='word_1_137' title='bbox 404 2580 445 2644; x_wconf 89' lang='lat' dir='ltr'><strong>de</strong></span> <span class='ocrx_word' id='word_1_138' title='bbox 466 2581 564 2645; x_wconf 82' lang='lat' dir='ltr'><strong>Terra</strong></span> <span class='ocrx_word' id='word_1_139' title='bbox 587 2581 716 2659; x_wconf 85' lang='lat' dir='ltr'><strong>Sancta,</strong></span> <span class='ocrx_word' id='word_1_140' title='bbox 740 2582 889 2664; x_wconf 88' lang='lat' dir='ltr'><strong>solusque</strong></span> <span class='ocrx_word' id='word_1_141' title='bbox 912 2581 951 2645; x_wconf 92' lang='lat' dir='ltr'><strong>de</strong></span> <span class='ocrx_word' id='word_1_142' title='bbox 973 2581 1172 2665; x_wconf 91' lang='lat' dir='ltr'><strong>principibus</strong></span> <span class='ocrx_word' id='word_1_143' title='bbox 1194 2587 1354 2664; x_wconf 90' lang='lat' dir='ltr'><strong>superstes</strong></span> 
     </span>
     <span class='ocr_line' id='line_1_21' title="bbox 362 2683 1354 2761; baseline -0.002 -13"><span class='ocrx_word' id='word_1_144' title='bbox 362 2739 367 2748; x_wconf 95' lang='lat'>.</span> <span class='ocrx_word' id='word_1_145' title='bbox 404 2690 453 2748; x_wconf 90' lang='lat' dir='ltr'><strong>est</strong></span> <span class='ocrx_word' id='word_1_146' title='bbox 472 2684 602 2748; x_wconf 91' lang='lat' dir='ltr'><strong>relictus</strong></span> <span class='ocrx_word' id='word_1_147' title='bbox 624 2684 764 2747; x_wconf 91' lang='lat' dir='ltr'><strong>Karolus</strong></span> <span class='ocrx_word' id='word_1_148' title='bbox 784 2706 841 2748; x_wconf 87' lang='lat' dir='ltr'><strong>rex</strong></span> <span class='ocrx_word' id='word_1_149' title='bbox 863 2683 988 2761; x_wconf 85' lang='lat' dir='ltr'><strong>Siciliae,</strong></span> <span class='ocrx_word' id='word_1_150' title='bbox 1004 2689 1094 2747; x_wconf 92' lang='lat' dir='ltr'><strong>tutor</strong></span> <span class='ocrx_word' id='word_1_151' title='bbox 1109 2683 1284 2748; x_wconf 84' lang='lat' dir='ltr'><strong>Christiani</strong></span> <span class='ocrx_word' id='word_1_152' title='bbox 1301 2705 1354 2747; x_wconf 84' lang='lat' dir='ltr'><strong>ex-</strong></span> 
     </span>
     <span class='ocr_line' id='line_1_22' title="bbox 404 2787 1354 2870; baseline 0 -20"><span class='ocrx_word' id='word_1_153' title='bbox 404 2787 530 2866; x_wconf 87' lang='lat' dir='ltr'><strong>ercitus,</strong></span> <span class='ocrx_word' id='word_1_154' title='bbox 548 2787 602 2869; x_wconf 92' lang='lat' dir='ltr'><strong>qui</strong></span> <span class='ocrx_word' id='word_1_155' title='bbox 622 2788 705 2851; x_wconf 88' lang='lat' dir='ltr'><strong>circa</strong></span> <span class='ocrx_word' id='word_1_156' title='bbox 725 2787 865 2850; x_wconf 87' lang='lat' dir='ltr'><strong>ducenta</strong></span> <span class='ocrx_word' id='word_1_157' title='bbox 883 2787 984 2850; x_wconf 89' lang='lat' dir='ltr'><strong>millia</strong></span> <span class='ocrx_word' id='word_1_158' title='bbox 1002 2793 1230 2870; x_wconf 87' lang='lat' dir='ltr'><strong>pugnatorum,</strong></span> <span class='ocrx_word' id='word_1_159' title='bbox 1246 2787 1354 2850; x_wconf 90' lang='lat' dir='ltr'><strong>crede-</strong></span> 
     </span>
     <span class='ocr_line' id='line_1_23' title="bbox 403 2889 1353 2973; baseline -0.001 -20"><span class='ocrx_word' id='word_1_160' title='bbox 403 2889 501 2954; x_wconf 88' lang='lat' dir='ltr'><strong>batur</strong></span> <span class='ocrx_word' id='word_1_161' title='bbox 520 2889 678 2954; x_wconf 88' lang='lat' dir='ltr'><strong>sufficiens</strong></span> <span class='ocrx_word' id='word_1_162' title='bbox 699 2890 740 2952; x_wconf 88' lang='lat' dir='ltr'><strong>ad</strong></span> <span class='ocrx_word' id='word_1_163' title='bbox 759 2896 865 2953; x_wconf 89' lang='lat' dir='ltr'><strong>totum</strong></span> <span class='ocrx_word' id='word_1_164' title='bbox 885 2889 1111 2973; x_wconf 85' lang='lat' dir='ltr'><strong>paganismum</strong></span> <span class='ocrx_word' id='word_1_165' title='bbox 1126 2911 1201 2953; x_wconf 91' lang='lat' dir='ltr'><strong>cum</strong></span> <span class='ocrx_word' id='word_1_166' title='bbox 1217 2889 1282 2954; x_wconf 89' lang='lat' dir='ltr'><strong>Dei</strong></span> <span class='ocrx_word' id='word_1_167' title='bbox 1299 2890 1353 2952; x_wconf 90' lang='lat' dir='ltr'><strong>ad-</strong></span> 
     </span>
     <span class='ocr_line' id='line_1_24' title="bbox 400 2991 1352 3077; baseline 0 -22"><span class='ocrx_word' id='word_1_168' title='bbox 400 2993 522 3077; x_wconf 85' lang='lat' dir='ltr'><strong>jutorio</strong></span> <span class='ocrx_word' id='word_1_169' title='bbox 541 2993 790 3077; x_wconf 87' lang='lat' dir='ltr'><strong>subjugandum,</strong></span> <span class='ocrx_word' id='word_1_170' title='bbox 810 2992 837 3054; x_wconf 91' lang='lat' dir='ltr'><strong>si</strong></span> <span class='ocrx_word' id='word_1_171' title='bbox 858 2992 995 3075; x_wconf 91' lang='lat' dir='ltr'><strong>probum</strong></span> <span class='ocrx_word' id='word_1_172' title='bbox 1018 2991 1132 3055; x_wconf 90' lang='lat' dir='ltr'><strong>ducem</strong></span> <span class='ocrx_word' id='word_1_173' title='bbox 1154 2991 1352 3055; x_wconf 87' lang='lat' dir='ltr'><strong>habuissent.</strong></span> 
     </span>
     <span class='ocr_line' id='line_1_25' title="bbox 404 3093 1353 3180; baseline -0.002 -21"><span class='ocrx_word' id='word_1_174' title='bbox 404 3095 538 3179; x_wconf 82' lang='lat' dir='ltr'><strong>Treugae</strong></span> <span class='ocrx_word' id='word_1_175' title='bbox 557 3117 614 3180; x_wconf 92' lang='lat' dir='ltr'><strong>per</strong></span> <span class='ocrx_word' id='word_1_176' title='bbox 634 3095 801 3160; x_wconf 90' lang='lat' dir='ltr'><strong>dominum</strong></span> <span class='ocrx_word' id='word_1_177' title='bbox 816 3094 974 3158; x_wconf 88' lang='lat' dir='ltr'><strong>Karolum</strong></span> <span class='ocrx_word' id='word_1_178' title='bbox 990 3093 1073 3157; x_wconf 87' lang='lat' dir='ltr'><strong>datae</strong></span> <span class='ocrx_word' id='word_1_179' title='bbox 1093 3099 1179 3171; x_wconf 91' lang='lat' dir='ltr'><strong>sunt,</strong></span> <span class='ocrx_word' id='word_1_180' title='bbox 1195 3094 1254 3157; x_wconf 91' lang='lat' dir='ltr'><strong>sub</strong></span> <span class='ocrx_word' id='word_1_181' title='bbox 1270 3095 1353 3157; x_wconf 91' lang='lat' dir='ltr'><strong>mul-</strong></span> 
     </span>
     <span class='ocr_line' id='line_1_26' title="bbox 401 3193 1354 3283; baseline -0.002 -21"><span class='ocrx_word' id='word_1_182' title='bbox 401 3198 446 3262; x_wconf 89' lang='lat' dir='ltr'><strong>tis</strong></span> <span class='ocrx_word' id='word_1_183' title='bbox 467 3201 569 3283; x_wconf 88' lang='lat' dir='ltr'><strong>pactis</strong></span> <span class='ocrx_word' id='word_1_184' title='bbox 594 3200 737 3264; x_wconf 89' lang='lat' dir='ltr'><strong>hicnon</strong></span> <span class='ocrx_word' id='word_1_185' title='bbox 762 3197 928 3282; x_wconf 89' lang='lat' dir='ltr'><strong>ponendis.</strong></span> <span class='ocrx_word' id='word_1_186' title='bbox 974 3197 1037 3260; x_wconf 92' lang='lat' dir='ltr'><strong>Pro</strong></span> <span class='ocrx_word' id='word_1_187' title='bbox 1062 3193 1207 3280; x_wconf 84' lang='lat' dir='ltr'><strong>expensis</strong></span> <span class='ocrx_word' id='word_1_188' title='bbox 1232 3196 1354 3260; x_wconf 90' lang='lat' dir='ltr'><strong>domini</strong></span> 
     </span>
     <span class='ocr_line' id='line_1_27' title="bbox 404 3298 1352 3384; baseline -0.003 -19"><span class='ocrx_word' id='word_1_189' title='bbox 404 3301 517 3365; x_wconf 86' lang='lat' dir='ltr'><strong>Karoli</strong></span> <span class='ocrx_word' id='word_1_190' title='bbox 537 3301 770 3384; x_wconf 83' lang='lat' dir='ltr'><strong>quinquaginta</strong></span> <span class='ocrx_word' id='word_1_191' title='bbox 790 3299 891 3363; x_wconf 87' lang='lat' dir='ltr'><strong>millia</strong></span> <span class='ocrx_word' id='word_1_192' title='bbox 910 3298 1064 3362; x_wconf 88' lang='lat' dir='ltr'><strong>librarum</strong></span> <span class='ocrx_word' id='word_1_193' title='bbox 1088 3320 1107 3361; x_wconf 87' lang='lat' dir='ltr'><strong>a</strong></span> <span class='ocrx_word' id='word_1_194' title='bbox 1127 3299 1261 3382; x_wconf 88' lang='lat' dir='ltr'><strong>paganis</strong></span> <span class='ocrx_word' id='word_1_195' title='bbox 1281 3320 1352 3382; x_wconf 91' lang='lat' dir='ltr'><strong>per-</strong></span> 
     </span>
     <span class='ocr_line' id='line_1_28' title="bbox 405 3401 1352 3487; baseline 0 -21"><span class='ocrx_word' id='word_1_196' title='bbox 405 3403 582 3482; x_wconf 87' lang='lat' dir='ltr'><strong>solvuntur,</strong></span> <span class='ocrx_word' id='word_1_197' title='bbox 598 3404 821 3487; x_wconf 87' lang='lat' dir='ltr'><strong>dispersusque</strong></span> <span class='ocrx_word' id='word_1_198' title='bbox 836 3408 885 3466; x_wconf 89' lang='lat' dir='ltr'><strong>est</strong></span> <span class='ocrx_word' id='word_1_199' title='bbox 901 3401 1158 3465; x_wconf 86' lang='lat' dir='ltr'><strong>Christianorum</strong></span> <span class='ocrx_word' id='word_1_200' title='bbox 1178 3401 1352 3466; x_wconf 84' lang='lat' dir='ltr'><strong>exercitus:</strong></span> 
     </span>
     <span class='ocr_line' id='line_1_29' title="bbox 404 3502 1353 3588; baseline 0.001 -21"><span class='ocrx_word' id='word_1_201' title='bbox 404 3525 568 3588; x_wconf 90' lang='lat' dir='ltr'><strong>quumque</strong></span> <span class='ocrx_word' id='word_1_202' title='bbox 597 3504 773 3568; x_wconf 81' lang='lat' dir='ltr'><strong>Christiani</strong></span> <span class='ocrx_word' id='word_1_203' title='bbox 805 3504 847 3568; x_wconf 89' lang='lat' dir='ltr'><strong>ad</strong></span> <span class='ocrx_word' id='word_1_204' title='bbox 879 3525 937 3568; x_wconf 91' lang='lat' dir='ltr'><strong>sua</strong></span> <span class='ocrx_word' id='word_1_205' title='bbox 964 3502 1133 3582; x_wconf 89' lang='lat' dir='ltr'><strong>redissent,</strong></span> <span class='ocrx_word' id='word_1_206' title='bbox 1163 3503 1285 3586; x_wconf 89' lang='lat' dir='ltr'><strong>treugis</strong></span> <span class='ocrx_word' id='word_1_207' title='bbox 1320 3510 1353 3568; x_wconf 90' lang='lat' dir='ltr'><strong>et</strong></span> 
     </span>
     <span class='ocr_line' id='line_1_30' title="bbox 404 3605 1355 3689; baseline 0 -20"><span class='ocrx_word' id='word_1_208' title='bbox 404 3607 505 3689; x_wconf 88' lang='lat' dir='ltr'><strong>pactis</strong></span> <span class='ocrx_word' id='word_1_209' title='bbox 519 3606 662 3684; x_wconf 75' lang='lat' dir='ltr'><strong>violatis,</strong></span> <span class='ocrx_word' id='word_1_210' title='bbox 686 3606 843 3670; x_wconf 90' lang='lat' dir='ltr'><strong>Karolum</strong></span> <span class='ocrx_word' id='word_1_211' title='bbox 862 3627 971 3670; x_wconf 85' lang='lat' dir='ltr'><strong>versus</strong></span> <span class='ocrx_word' id='word_1_212' title='bbox 993 3605 1137 3668; x_wconf 84' lang='lat' dir='ltr'><strong>Siciliam</strong></span> <span class='ocrx_word' id='word_1_213' title='bbox 1155 3610 1355 3670; x_wconf 88' lang='lat' dir='ltr'><strong>remeantem</strong></span> 
     </span>
     <span class='ocr_line' id='line_1_31' title="bbox 404 3707 1356 3791; baseline 0.001 -21"><span class='ocrx_word' id='word_1_214' title='bbox 404 3708 629 3789; x_wconf 88' lang='lat' dir='ltr'><strong>insequuntur,</strong></span> <span class='ocrx_word' id='word_1_215' title='bbox 652 3713 685 3771; x_wconf 95' lang='lat' dir='ltr'><strong>et</strong></span> <span class='ocrx_word' id='word_1_216' title='bbox 707 3707 848 3791; x_wconf 89' lang='lat' dir='ltr'><strong>capiunt,</strong></span> <span class='ocrx_word' id='word_1_217' title='bbox 872 3728 908 3771; x_wconf 87' lang='lat' dir='ltr'><strong>ac</strong></span> <span class='ocrx_word' id='word_1_218' title='bbox 932 3727 1097 3790; x_wconf 90' lang='lat' dir='ltr'><strong>quousque</strong></span> <span class='ocrx_word' id='word_1_219' title='bbox 1121 3707 1356 3791; x_wconf 88' lang='lat' dir='ltr'><strong>quinquaginta</strong></span> 
     </span>
    </p>
   </div>
   <div class='ocr_carea' id='block_1_3' title="bbox 400 3809 1354 4307">
    <p class='ocr_par' dir='ltr' id='par_1_4' title="bbox 404 3809 1354 3988">
     <span class='ocr_line' id='line_1_32' title="bbox 404 3809 1354 3897; baseline 0.007 -26"><span class='ocrx_word' id='word_1_220' title='bbox 404 3809 505 3872; x_wconf 87' lang='lat' dir='ltr'><strong>millia</strong></span> <span class='ocrx_word' id='word_1_221' title='bbox 528 3809 685 3873; x_wconf 87' lang='lat' dir='ltr'><strong>librarum</strong></span> <span class='ocrx_word' id='word_1_222' title='bbox 709 3810 965 3890; x_wconf 86' lang='lat' dir='ltr'><strong>restituerentur,</strong></span> <span class='ocrx_word' id='word_1_223' title='bbox 993 3832 1069 3875; x_wconf 87' lang='lat' dir='ltr'><strong>cum</strong></span> <span class='ocrx_word' id='word_1_224' title='bbox 1093 3813 1160 3877; x_wconf 87' lang='lat' dir='ltr'><strong>filio</strong></span> <span class='ocrx_word' id='word_1_225' title='bbox 1185 3835 1244 3878; x_wconf 87' lang='lat' dir='ltr'><strong>suo</strong></span> <span class='ocrx_word' id='word_1_226' title='bbox 1268 3814 1354 3897; x_wconf 90' lang='lat' dir='ltr'><strong>pacis</strong></span> 
     </span>
     <span class='ocr_line' id='line_1_33' title="bbox 404 3908 1094 3988; baseline 0.004 -14"><span class='ocrx_word' id='word_1_227' title='bbox 404 3908 523 3988; x_wconf 88' lang='lat' dir='ltr'><strong>obside,</strong></span> <span class='ocrx_word' id='word_1_228' title='bbox 538 3909 573 3973; x_wconf 93' lang='lat' dir='ltr'><strong>in</strong></span> <span class='ocrx_word' id='word_1_229' title='bbox 588 3909 735 3974; x_wconf 81' lang='lat' dir='ltr'><strong>futurum</strong></span> <span class='ocrx_word' id='word_1_230' title='bbox 751 3913 868 3975; x_wconf 89' lang='lat' dir='ltr'><strong>carceri</strong></span> <span class='ocrx_word' id='word_1_231' title='bbox 882 3912 1094 3978; x_wconf 91' lang='lat' dir='ltr'><strong>tradiderunt.</strong></span> 
     </span>
    </p>

    <p class='ocr_par' dir='ltr' id='par_1_5' title="bbox 400 4011 1354 4307">
     <span class='ocr_line' id='line_1_34' title="bbox 446 4011 1352 4098; baseline 0.004 -22"><span class='ocrx_word' id='word_1_232' title='bbox 446 4013 530 4077; x_wconf 85' lang='lat' dir='ltr'><strong>A.D.</strong></span> <span class='ocrx_word' id='word_1_233' title='bbox 546 4014 639 4077; x_wconf 79' lang='lat'>1272.</span> <span class='ocrx_word' id='word_1_234' title='bbox 663 4011 865 4077; x_wconf 80' lang='lat' dir='ltr'><strong>Theobaldus</strong></span> <span class='ocrx_word' id='word_1_235' title='bbox 881 4014 1121 4080; x_wconf 88' lang='lat' dir='ltr'><strong>archidiaconus</strong></span> <span class='ocrx_word' id='word_1_236' title='bbox 1136 4016 1352 4098; x_wconf 83' lang='lat' dir='ltr'><strong>leodicensis,</strong></span> 
     </span>
     <span class='ocr_line' id='line_1_35' title="bbox 403 4115 1354 4200; baseline 0.005 -20"><span class='ocrx_word' id='word_1_237' title='bbox 403 4138 504 4200; x_wconf 92' lang='lat' dir='ltr'><strong>quum</strong></span> <span class='ocrx_word' id='word_1_238' title='bbox 526 4136 622 4180; x_wconf 89' lang='lat' dir='ltr'><strong>causa</strong></span> <span class='ocrx_word' id='word_1_239' title='bbox 643 4115 819 4180; x_wconf 90' lang='lat' dir='ltr'><strong>devotionis</strong></span> <span class='ocrx_word' id='word_1_240' title='bbox 841 4116 927 4181; x_wconf 87' lang='lat' dir='ltr'><strong>ultra</strong></span> <span class='ocrx_word' id='word_1_241' title='bbox 948 4140 1037 4183; x_wconf 89' lang='lat' dir='ltr'><strong>mare</strong></span> <span class='ocrx_word' id='word_1_242' title='bbox 1058 4119 1095 4183; x_wconf 91' lang='lat' dir='ltr'><strong>in</strong></span> <span class='ocrx_word' id='word_1_243' title='bbox 1115 4119 1209 4184; x_wconf 88' lang='lat' dir='ltr'><strong>Acon</strong></span> <span class='ocrx_word' id='word_1_244' title='bbox 1230 4140 1354 4185; x_wconf 88' lang='lat' dir='ltr'><strong>moram</strong></span> 
     </span>
     <span class='ocr_line' id='line_1_36' title="bbox 400 4217 1354 4307; baseline 0.003 -24"><span class='ocrx_word' id='word_1_245' title='bbox 400 4220 531 4300; x_wconf 85' lang='lat' dir='ltr'><strong>faceret,</strong></span> <span class='ocrx_word' id='word_1_246' title='bbox 549 4219 586 4283; x_wconf 91' lang='lat' dir='ltr'><strong>in</strong></span> <span class='ocrx_word' id='word_1_247' title='bbox 607 4218 725 4305; x_wconf 88' lang='lat' dir='ltr'><strong>palatio</strong></span> <span class='ocrx_word' id='word_1_248' title='bbox 740 4217 938 4284; x_wconf 87' lang='lat' dir='ltr'><strong>Viterbiensi</strong></span> <span class='ocrx_word' id='word_1_249' title='bbox 959 4220 994 4283; x_wconf 90' lang='lat' dir='ltr'><strong>in</strong></span> <span class='ocrx_word' id='word_1_250' title='bbox 1016 4243 1131 4305; x_wconf 90' lang='lat' dir='ltr'><strong>papam</strong></span> <span class='ocrx_word' id='word_1_251' title='bbox 1155 4229 1204 4286; x_wconf 89' lang='lat' dir='ltr'><strong>est</strong></span> <span class='ocrx_word' id='word_1_252' title='bbox 1226 4243 1354 4307; x_wconf 91' lang='lat' dir='ltr'><strong>promo-</strong></span> 
     </span>
    </p>
   </div>
   <div class='ocr_carea' id='block_1_4' title="bbox 0 0 1610 5102">
    <p class='ocr_par' dir='ltr' id='par_1_6' title="bbox 0 0 1610 5102">
     <span class='ocr_line' id='line_1_37' title="bbox 0 0 1610 5102; baseline 0 0"><span class='ocrx_word' id='word_1_253' title='bbox 0 0 1610 5102; x_wconf 95' lang='lat' dir='ltr'><strong> </strong></span> 
     </span>
    </p>
   </div>
  </div>
 </body>
</html>
