3226 5100
636 660 927 703 rururnuaounsr.
1221 644 1262 705 55

300 799 319 842 a
336 776 494 859 Stigando
509 776 659 859 recipere,
676 775 751 860 quia
764 775 932 859 illegitime
955 775 1263 862 archiepiscopatum

299 881 473 963 ingressus,
498 879 604 963 potius
630 879 787 963 pollueret
811 901 909 962 quam
935 887 1082 943 sacraret.
1138 881 1261 964 Corpus

300 983 437 1046 Haroldi
452 983 539 1046 misit
555 983 595 1046 ad
615 990 762 1060 matrem,
779 983 848 1046 sine
867 982 980 1065 pretio,
996 983 1100 1046 multa
1119 1006 1177 1068 pro
1192 986 1261 1068 ejus

300 1086 465 1169 sepultura
480 1085 678 1162 offerentem,
695 1092 727 1148 et
743 1085 828 1168 apud
843 1071 1010 1148 Waltham
1026 1087 1170 1169 sepultus
1192 1096 1260 1171 est;

301 1211 398 1272 quam
413 1187 578 1252 ecclesiam
593 1188 660 1271 ipse
675 1194 907 1266 construxerat,
921 1194 953 1251 et
969 1188 1089 1252 clericis
1105 1191 1262 1253 saeculari2

300 1291 360 1356 bus
383 1291 571 1374 assignarat.
617 1291 704 1354 Laus
720 1289 857 1354 Haroldi
882 1313 900 1354 a
921 1291 1119 1376 Polycratico
1140 1299 1172 1356 et
1193 1294 1263 1357 aliis

301 1395 494 1473 auctoribus,
511 1396 567 1478 qui
585 1394 625 1458 (16
644 1394 714 1477 ipso
730 1394 936 1477 scripserunt.
984 1395 1046 1458 His
1064 1397 1261 1480 temporibus

229 1519 236 1538 ·
301 1497 406 1576 Turci,
422 1497 528 1561 Persis
553 1507 585 1561 et
605 1496 768 1580 AEgyptiis
788 1481 959 1579 superatis,
982 1504 1089 1561 totum
1111 1498 1177 1562 fere
1200 1500 1262 1562 ori-

301 1608 410 1664 entem
434 1599 494 1663 sibi
518 1598 734 1682 subjecerunt,
757 1598 845 1666 unde
864 1598 977 1662 urbem
1002 1607 1147 1664 sanctam
1167 1602 1261 1664 Jeru-

301 1706 400 1770 salem
415 1703 625 1786 occupabant.

342 1806 427 1869 A.D.
454 1806 547 1870 1067.
594 1805 664 1868 Rex
687 1805 869 1868 Willelmus
892 1805 1129 1870 Normanniam
1146 1804 1259 1884 rediit,

301 1911 421 1974 ducens
442 1931 550 1973 secum
573 1910 766 1993 Stigandum
790 1911 1072 1994 archiepiscopum,
1098 1912 1259 1976 Clitonem

300 2014 476 2097 Edgarum,
499 2013 680 2091 Eduinum,
702 2020 735 2078 61
757 2014 975 2092 Moroardum,
1001 2035 1037 2077 ac
1057 2014 1259 2095 Waldcvum,

300 2117 443 2194 comites,
468 2117 608 2199 aliosque
632 2116 671 2178 (16
692 2115 902 2180 nobilioribus
922 2115 1037 2199 Anglis
1046 2142 1057 2194 3
1079 2137 1259 2200 praecavens

186 2237 188 2242 ·
299 2243 342 2285 ne
370 2221 440 2304 ipso
466 2220 598 2284 absente
624 2219 763 2303 aliquam
787 2226 1024 2284 commoverent
1044 2220 1257 2293 seditionem:

299 2324 425 2388 rediens
450 2323 489 2388 de
512 2323 715 2387 Normannia
741 2345 836 2407 grave
861 2324 1020 2388 tributum
1044 2326 1172 2409 Angliae
1198 2325 1258 2388 im·
1293 2325 1295 2330 ’

300 2427 402 2510 ponit.

341 2532 426 2596 A.D.
445 2531 539 2594 1068.
578 2529 726 2593 Matildis
744 2529 906 2594 comitissa
926 2534 1098 2593 coronatur
1118 2530 1153 2592 in
1174 2531 1258 2612 regi-

300 2655 387 2698 nam.
420 2636 539 2698 Sancta
553 2635 751 2717 Margareta,
763 2635 830 2697 filia
844 2633 1004 2711 Edwardi‚
1016 2632 1074 2695 filii
1090 2632 1258 2696 Edmundi

302 2737 459 2817 Ironside‚
476 2737 517 2801 ad
532 2737 744 2801 Maleolmum
764 2758 874 2819 regem
896 2736 1012 2800 Scotiae
1034 2736 1185 2819 conjugio
1205 2757 1257 2800 co·

300 2842 440 2924 pulatnr.
487 2839 701 2905 Herewardus
725 2840 766 2904 de
789 2840 936 2923 partibus
960 2840 1184 2903 transmarinis
1206 2861 1255 2903 re·

302 2943 393 3008 diens
407 2945 447 3006 in⁴
457 2944 611 3027 Angliam
631 2944 672 3007 ad
691 2944 912 3007 haereditatem
929 2965 1030 3020 suam,
1047 2949 1080 3006 et
1095 2943 1257 3026 reperiens

300 3068 410 3130 regem
430 3047 630 3116 Normannis
651 3069 722 3111 eam
742 3047 926 3125 contulisse,
943 3046 1054 3110 occisis
1072 3045 1256 3129 occupanti·

303 3151 371 3230 bus,
387 3151 484 3233 coepit
499 3158 613 3226 contra
626 3170 737 3232 regem
753 3149 914 3213 dimicare.

344 3253 429 3317 A.D.
448 3254 542 3316 1069.
583 3252 744 3315 Aldredus
765 3251 976 3316 Eboracensis
1000 3249 1255 3332 archiepiscopus

303 3355 402 3420 obiit:
426 3355 577 3419 sriocessit
594 3355 744 3418 Thomas.
790 3353 882 3417 Obiit
897 3354 995 3416 etiam
1010 3352 1141 3416 Brando
1157 3351 1255 3416 abbas

303 3458 415 3540 Burgi,
431 3465 566 3540 patruus
582 3456 660 3520 dieti
676 3454 863 3520 Herewardi
878 3456 908 3518 16
920 3454 1035 3533 Wake,
1048 3454 1100 3517 cui
1116 3475 1154 3518 61(
1169 3455 1254 3537 regis

302 3560 472 3624 collatione
496 3559 647 3624 suecessit
671 3558 840 3622 Turoldus.
887 3558 1018 3622 Brando
1043 3557 1141 3621 abbas
1166 3557 1254 3622 dedit

301 3686 360 3748 pro
382 3664 565 3748 Fyskyrton
587 3663 704 3747 viginti
728 3683 851 3726 marcas
875 3662 955 3740 auri,
981 3669 1014 3726 et
1040 3659 1118 3725 alias
1140 3661 1255 3745 viginti

301 3791 360 3851 pro
390 3768 597 3845 ornamentis,
629 3773 662 3831 et
690 3788 749 3851 pro
778 3766 896 3830 Burlee
922 3773 993 3829 octo
1020 3787 1143 3830 marcas
1173 3767 1254 3830 auri.

302 3872 461 3935 'luroldus
475 3893 548 3935 vero
564 3871 730 3954 sexaginta
744 3878 777 3934 et
793 3869 857 3933 duo
872 3870 963 3933 hidas
984 3876 1079 3933 terrae
1100 3869 1139 3934 dc
1160 3872 1254 3933 terris

303 3975 443 4040 ecclesiae
458 3975 561 4056 Burgi
576 3975 664 4038 dedit
683 3973 898 4059 stipendiariis
917 3973 1082 4052 militibus,
1103 3974 1159 4056 qui
1179 3994 1254 4037 eum

263 4107 268 4130 ι
301 4085 414 4142 contra
440 4076 672 4141 Herewardum
697 4077 728 4141 le
750 4077 855 4140 Wake
878 4083 1067 4141 tuerentur:
1090 4076 1252 4139 nihilomi-

301 4204 363 4246 nus
386 4181 518 4246 tandem
540 4202 615 4244 cum
637 4181 747 4246 multis
770 4180 839 4244 aliis
861 4179 1067 4262 magnatibus
1088 4179 1127 4242 ab
1150 4177 1251 4243 Here-

301 4286 408 4350 wardo
422 4292 545 4370 captus,
559 4305 723 4368 quousque
738 4305 796 4367 pro
811 4305 869 4350 sua
883 4283 1103 4367 redemptione
1118 4282 1253 4365 triginta
