<?xml version="1.0" encoding="UTF-8"?>
<!DOCTYPE html PUBLIC "-//W3C//DTD XHTML 1.0 Transitional//EN"
    "http://www.w3.org/TR/xhtml1/DTD/xhtml1-transitional.dtd">
<html xmlns="http://www.w3.org/1999/xhtml" xml:lang="en" lang="en">
 <head>
  <title>
</title>
<meta http-equiv="Content-Type" content="text/html;charset=utf-8" />
  <meta name='ocr-system' content='tesseract 3.04.00' />
  <meta name='ocr-capabilities' content='ocr_page ocr_carea ocr_par ocr_line ocrx_word'/>
</head>
<body>
  <div class='ocr_page' id='page_1' title='image "./chroniconanglia00chrogoog_0055.png"; bbox 0 0 3226 5100; ppageno 0'>
   <div class='ocr_carea' id='block_1_1' title="bbox 589 647 1239 712">
    <p class='ocr_par' dir='ltr' id='par_1_1' title="bbox 589 647 1239 712">
     <span class='ocr_line' id='line_1_1' title="bbox 589 647 1239 712; baseline 0.009 -6"><span class='ocrx_word' id='word_1_1' title='bbox 589 667 595 672; x_wconf 89' lang='lat'><strong>·</strong></span> <span class='ocrx_word' id='word_1_2' title='bbox 620 663 909 709; x_wconf 78' lang='lat' dir='ltr'><strong>rnrarnuuonnsu.</strong></span> <span class='ocrx_word' id='word_1_3' title='bbox 1197 647 1239 712; x_wconf 87' lang='grc'><strong>33</strong></span> 
     </span>
    </p>
   </div>
   <div class='ocr_carea' id='block_1_2' title="bbox 282 781 1239 1075">
    <p class='ocr_par' dir='ltr' id='par_1_2' title="bbox 282 781 1239 1075">
     <span class='ocr_line' id='line_1_2' title="bbox 283 781 1238 872; baseline 0.007 -27"><span class='ocrx_word' id='word_1_4' title='bbox 283 787 315 845; x_wconf 80' lang='lat' dir='ltr'><strong>&#39;et</strong></span> <span class='ocrx_word' id='word_1_5' title='bbox 341 781 411 846; x_wconf 84' lang='lat' dir='ltr'><strong>aliis</strong></span> <span class='ocrx_word' id='word_1_6' title='bbox 434 781 544 846; x_wconf 86' lang='lat' dir='ltr'><strong>decem</strong></span> <span class='ocrx_word' id='word_1_7' title='bbox 566 784 729 868; x_wconf 86' lang='lat' dir='ltr'><strong>episcopis,</strong></span> <span class='ocrx_word' id='word_1_8' title='bbox 751 785 838 868; x_wconf 86' lang='lat' dir='ltr'><strong>apud</strong></span> <span class='ocrx_word' id='word_1_9' title='bbox 863 785 1046 868; x_wconf 88' lang='lat' dir='ltr'><strong>Kingeston</strong></span> <span class='ocrx_word' id='word_1_10' title='bbox 1070 787 1104 851; x_wconf 94' lang='lat' dir='ltr'><strong>in</strong></span> <span class='ocrx_word' id='word_1_11' title='bbox 1128 809 1238 872; x_wconf 84' lang='lat' dir='ltr'><strong>regem</strong></span> 
     </span>
     <span class='ocr_line' id='line_1_3' title="bbox 282 886 1239 969; baseline 0.007 -21"><span class='ocrx_word' id='word_1_12' title='bbox 282 892 495 964; x_wconf 88' lang='lat' dir='ltr'><strong>consecratus,</strong></span> <span class='ocrx_word' id='word_1_13' title='bbox 513 886 648 969; x_wconf 90' lang='lat' dir='ltr'><strong>triginta</strong></span> <span class='ocrx_word' id='word_1_14' title='bbox 669 893 703 950; x_wconf 88' lang='lat' dir='ltr'><strong>et</strong></span> <span class='ocrx_word' id='word_1_15' title='bbox 723 896 796 952; x_wconf 88' lang='lat' dir='ltr'><strong>octo</strong></span> <span class='ocrx_word' id='word_1_16' title='bbox 814 888 908 952; x_wconf 86' lang='lat' dir='ltr'><strong>annis</strong></span> <span class='ocrx_word' id='word_1_17' title='bbox 927 890 963 952; x_wconf 92' lang='lat' dir='ltr'><strong>in</strong></span> <span class='ocrx_word' id='word_1_18' title='bbox 980 890 1092 953; x_wconf 89' lang='lat' dir='ltr'><strong>multis</strong></span> <span class='ocrx_word' id='word_1_19' title='bbox 1108 889 1239 955; x_wconf 88' lang='lat' dir='ltr'><strong>calami·</strong></span> 
     </span>
     <span class='ocr_line' id='line_1_4' title="bbox 282 988 1239 1075; baseline 0.005 -24"><span class='ocrx_word' id='word_1_20' title='bbox 282 988 405 1052; x_wconf 86' lang='lat' dir='ltr'><strong>tatibus</strong></span> <span class='ocrx_word' id='word_1_21' title='bbox 427 989 583 1071; x_wconf 85' lang='lat' dir='ltr'><strong>regnavit.</strong></span> <span class='ocrx_word' id='word_1_22' title='bbox 630 989 693 1053; x_wconf 91' lang='lat' dir='ltr'><strong>Pro</strong></span> <span class='ocrx_word' id='word_1_23' title='bbox 712 990 820 1054; x_wconf 83' lang='lat' dir='ltr'><strong>fratris</strong></span> <span class='ocrx_word' id='word_1_24' title='bbox 840 991 889 1054; x_wconf 87' lang='lat' dir='ltr'><strong>sui</strong></span> <span class='ocrx_word' id='word_1_25' title='bbox 908 1012 996 1070; x_wconf 85' lang='lat' dir='ltr'><strong>nece,</strong></span> <span class='ocrx_word' id='word_1_26' title='bbox 1016 1014 1110 1075; x_wconf 85' lang='lat' dir='ltr'><strong>quem</strong></span> <span class='ocrx_word' id='word_1_27' title='bbox 1134 1000 1239 1058; x_wconf 83' lang='lat' dir='ltr'><strong>mater</strong></span> 
     </span>
    </p>
   </div>
   <div class='ocr_carea' id='block_1_3' title="bbox 283 1099 1239 1498">
    <p class='ocr_par' dir='ltr' id='par_1_3' title="bbox 283 1099 1239 1498">
     <span class='ocr_line' id='line_1_5' title="bbox 285 1099 1239 1189; baseline 0.005 -26"><span class='ocrx_word' id='word_1_28' title='bbox 285 1099 353 1189; x_wconf 85' lang='lat' dir='ltr'><strong>ejus</strong></span> <span class='ocrx_word' id='word_1_29' title='bbox 377 1107 567 1183; x_wconf 83' lang='lat' dir='ltr'><strong>peremerat,</strong></span> <span class='ocrx_word' id='word_1_30' title='bbox 591 1100 738 1184; x_wconf 85' lang='lat' dir='ltr'><strong>praedixit</strong></span> <span class='ocrx_word' id='word_1_31' title='bbox 762 1100 792 1165; x_wconf 93' lang='lat' dir='ltr'><strong>ei</strong></span> <span class='ocrx_word' id='word_1_32' title='bbox 814 1101 929 1166; x_wconf 83' lang='lat' dir='ltr'><strong>beatus</strong></span> <span class='ocrx_word' id='word_1_33' title='bbox 954 1103 1145 1168; x_wconf 87' lang='lat' dir='ltr'><strong>Dunstanus</strong></span> <span class='ocrx_word' id='word_1_34' title='bbox 1167 1127 1239 1188; x_wconf 89' lang='lat' dir='ltr'><strong>pro-</strong></span> 
     </span>
     <span class='ocr_line' id='line_1_6' title="bbox 283 1203 1239 1287; baseline 0.006 -21"><span class='ocrx_word' id='word_1_35' title='bbox 283 1203 410 1286; x_wconf 85' lang='lat' dir='ltr'><strong>phetico</strong></span> <span class='ocrx_word' id='word_1_36' title='bbox 436 1203 552 1286; x_wconf 91' lang='lat' dir='ltr'><strong>spiritu</strong></span> <span class='ocrx_word' id='word_1_37' title='bbox 577 1205 703 1287; x_wconf 84' lang='lat' dir='ltr'><strong>plenus,</strong></span> <span class='ocrx_word' id='word_1_38' title='bbox 730 1205 859 1268; x_wconf 85' lang='lat' dir='ltr'><strong>easdem</strong></span> <span class='ocrx_word' id='word_1_39' title='bbox 883 1205 1081 1271; x_wconf 78' lang='lat' dir='ltr'><strong>calamitates</strong></span> <span class='ocrx_word' id='word_1_40' title='bbox 1105 1207 1166 1271; x_wconf 90' lang='lat' dir='ltr'><strong>sibi</strong></span> <span class='ocrx_word' id='word_1_41' title='bbox 1189 1209 1239 1272; x_wconf 83' lang='lat' dir='ltr'><strong>fn-</strong></span> 
     </span>
     <span class='ocr_line' id='line_1_7' title="bbox 284 1306 1239 1394; baseline 0.007 -25"><span class='ocrx_word' id='word_1_42' title='bbox 284 1310 384 1384; x_wconf 86' lang='lat' dir='ltr'><strong>turas,</strong></span> <span class='ocrx_word' id='word_1_43' title='bbox 410 1306 461 1370; x_wconf 88' lang='lat' dir='ltr'><strong>his</strong></span> <span class='ocrx_word' id='word_1_44' title='bbox 486 1307 608 1370; x_wconf 90' lang='lat' dir='ltr'><strong>verbis:</strong></span> <span class='ocrx_word' id='word_1_45' title='bbox 648 1313 668 1342; x_wconf 88' lang='lat'><em>“</em></span> <span class='ocrx_word' id='word_1_46' title='bbox 680 1308 852 1387; x_wconf 80' lang='lat' dir='ltr'><strong>Quoniam,</strong></span> <span class='ocrx_word' id='word_1_47' title='bbox 877 1308 994 1392; x_wconf 89' lang='lat' dir='ltr'><strong>inquit,</strong></span> <span class='ocrx_word' id='word_1_48' title='bbox 1021 1311 1168 1394; x_wconf 82' lang='lat' dir='ltr'><strong>aspirasti</strong></span> <span class='ocrx_word' id='word_1_49' title='bbox 1197 1313 1239 1376; x_wconf 92' lang='lat' dir='ltr'><strong>ad</strong></span> 
     </span>
     <span class='ocr_line' id='line_1_8' title="bbox 283 1409 1237 1498; baseline 0.008 -26"><span class='ocrx_word' id='word_1_50' title='bbox 283 1431 422 1492; x_wconf 87' lang='lat' dir='ltr'><strong>regnum</strong></span> <span class='ocrx_word' id='word_1_51' title='bbox 443 1431 501 1493; x_wconf 90' lang='lat' dir='ltr'><strong>per</strong></span> <span class='ocrx_word' id='word_1_52' title='bbox 515 1417 653 1474; x_wconf 88' lang='lat' dir='ltr'><strong>mortem</strong></span> <span class='ocrx_word' id='word_1_53' title='bbox 675 1409 782 1475; x_wconf 82' lang='lat' dir='ltr'><strong>fratris</strong></span> <span class='ocrx_word' id='word_1_54' title='bbox 805 1411 864 1490; x_wconf 91' lang='lat' dir='ltr'><strong>tui,</strong></span> <span class='ocrx_word' id='word_1_55' title='bbox 889 1434 984 1495; x_wconf 88' lang='lat' dir='ltr'><strong>quem</strong></span> <span class='ocrx_word' id='word_1_56' title='bbox 1007 1413 1124 1478; x_wconf 90' lang='lat' dir='ltr'><strong>occidit</strong></span> <span class='ocrx_word' id='word_1_57' title='bbox 1145 1415 1237 1498; x_wconf 92' lang='lat' dir='ltr'><strong>igno-</strong></span> 
     </span>
    </p>
   </div>
   <div class='ocr_carea' id='block_1_4' title="bbox 189 1514 1238 1599">
    <p class='ocr_par' dir='ltr' id='par_1_4' title="bbox 189 1514 1238 1599">
     <span class='ocr_line' id='line_1_9' title="bbox 189 1514 1238 1599; baseline 0.006 -23"><span class='ocrx_word' id='word_1_58' title='bbox 189 1564 191 1569; x_wconf 62' lang='grc'>,</span> <span class='ocrx_word' id='word_1_59' title='bbox 282 1514 418 1578; x_wconf 87' lang='lat' dir='ltr'><strong>miniosa</strong></span> <span class='ocrx_word' id='word_1_60' title='bbox 439 1521 543 1577; x_wconf 90' lang='lat' dir='ltr'><strong>mater</strong></span> <span class='ocrx_word' id='word_1_61' title='bbox 562 1521 630 1591; x_wconf 88' lang='lat' dir='ltr'><strong>tua,</strong></span> <span class='ocrx_word' id='word_1_62' title='bbox 646 1522 813 1599; x_wconf 85' lang='lat' dir='ltr'><strong>propterea</strong></span> <span class='ocrx_word' id='word_1_63' title='bbox 835 1515 912 1579; x_wconf 90' lang='lat' dir='ltr'><strong>audi</strong></span> <span class='ocrx_word' id='word_1_64' title='bbox 929 1517 1063 1581; x_wconf 91' lang='lat' dir='ltr'><strong>verbum</strong></span> <span class='ocrx_word' id='word_1_65' title='bbox 1085 1518 1238 1582; x_wconf 90' lang='lat' dir='ltr'><strong>Domini:</strong></span> 
     </span>
    </p>
   </div>
   <div class='ocr_carea' id='block_1_5' title="bbox 283 1617 1240 2114">
    <p class='ocr_par' dir='ltr' id='par_1_5' title="bbox 283 1617 1240 2114">
     <span class='ocr_line' id='line_1_10' title="bbox 283 1617 1237 1701; baseline 0.003 -21"><span class='ocrx_word' id='word_1_66' title='bbox 283 1617 351 1682; x_wconf 88' lang='lat' dir='ltr'><strong>haec</strong></span> <span class='ocrx_word' id='word_1_67' title='bbox 377 1617 454 1682; x_wconf 91' lang='lat' dir='ltr'><strong>dicit</strong></span> <span class='ocrx_word' id='word_1_68' title='bbox 478 1617 657 1682; x_wconf 88' lang='lat' dir='ltr'><strong>Dominus:</strong></span> <span class='ocrx_word' id='word_1_69' title='bbox 680 1638 747 1682; x_wconf 90' lang='lat' dir='ltr'><strong>non</strong></span> <span class='ocrx_word' id='word_1_70' title='bbox 774 1617 901 1682; x_wconf 85' lang='lat' dir='ltr'><strong>deficiet</strong></span> <span class='ocrx_word' id='word_1_71' title='bbox 924 1619 1050 1701; x_wconf 86' lang='lat' dir='ltr'><strong>gladius</strong></span> <span class='ocrx_word' id='word_1_72' title='bbox 1077 1619 1116 1684; x_wconf 90' lang='lat' dir='ltr'><strong>dc</strong></span> <span class='ocrx_word' id='word_1_73' title='bbox 1142 1620 1237 1683; x_wconf 91' lang='lat' dir='ltr'><strong>domo</strong></span> 
     </span>
     <span class='ocr_line' id='line_1_11' title="bbox 284 1719 1238 1800; baseline 0.001 -17"><span class='ocrx_word' id='word_1_74' title='bbox 284 1727 342 1784; x_wconf 87' lang='lat' dir='ltr'><strong>tua</strong></span> <span class='ocrx_word' id='word_1_75' title='bbox 365 1720 496 1784; x_wconf 85' lang='lat' dir='ltr'><strong>saeviens</strong></span> <span class='ocrx_word' id='word_1_76' title='bbox 519 1720 555 1783; x_wconf 92' lang='lat' dir='ltr'><strong>in</strong></span> <span class='ocrx_word' id='word_1_77' title='bbox 574 1726 607 1784; x_wconf 90' lang='lat' dir='ltr'><strong>te</strong></span> <span class='ocrx_word' id='word_1_78' title='bbox 634 1719 784 1785; x_wconf 88' lang='lat' dir='ltr'><strong>omnibus</strong></span> <span class='ocrx_word' id='word_1_79' title='bbox 807 1719 919 1784; x_wconf 89' lang='lat' dir='ltr'><strong>diebus</strong></span> <span class='ocrx_word' id='word_1_80' title='bbox 941 1721 1016 1784; x_wconf 90' lang='lat' dir='ltr'><strong>vitae</strong></span> <span class='ocrx_word' id='word_1_81' title='bbox 1038 1728 1115 1800; x_wconf 85' lang='lat' dir='ltr'><strong>tuae,</strong></span> <span class='ocrx_word' id='word_1_82' title='bbox 1137 1722 1238 1786; x_wconf 85' lang='lat' dir='ltr'><strong>inter-</strong></span> 
     </span>
     <span class='ocr_line' id='line_1_12' title="bbox 285 1823 1240 1906; baseline 0.001 -19"><span class='ocrx_word' id='word_1_83' title='bbox 285 1823 393 1887; x_wconf 83' lang='lat' dir='ltr'><strong>ficiens</strong></span> <span class='ocrx_word' id='word_1_84' title='bbox 415 1823 454 1887; x_wconf 88' lang='lat' dir='ltr'><strong>de</strong></span> <span class='ocrx_word' id='word_1_85' title='bbox 473 1824 596 1887; x_wconf 89' lang='lat' dir='ltr'><strong>semine</strong></span> <span class='ocrx_word' id='word_1_86' title='bbox 616 1830 684 1901; x_wconf 89' lang='lat' dir='ltr'><strong>tu0,</strong></span> <span class='ocrx_word' id='word_1_87' title='bbox 700 1845 803 1906; x_wconf 88' lang='lat' dir='ltr'><strong>usque</strong></span> <span class='ocrx_word' id='word_1_88' title='bbox 818 1844 956 1906; x_wconf 88' lang='lat' dir='ltr'><strong>regnum</strong></span> <span class='ocrx_word' id='word_1_89' title='bbox 978 1825 1191 1888; x_wconf 87' lang='lat' dir='ltr'><strong>transferatur</strong></span> <span class='ocrx_word' id='word_1_90' title='bbox 1204 1825 1240 1888; x_wconf 93' lang='lat' dir='ltr'><strong>in</strong></span> 
     </span>
     <span class='ocr_line' id='line_1_13' title="bbox 284 1927 1240 2012; baseline 0.001 -22"><span class='ocrx_word' id='word_1_91' title='bbox 284 1948 420 2009; x_wconf 90' lang='lat' dir='ltr'><strong>regnum</strong></span> <span class='ocrx_word' id='word_1_92' title='bbox 444 1927 595 2006; x_wconf 88' lang='lat' dir='ltr'><strong>alienum,</strong></span> <span class='ocrx_word' id='word_1_93' title='bbox 619 1928 710 2012; x_wconf 85' lang='lat' dir='ltr'><strong>cujus</strong></span> <span class='ocrx_word' id='word_1_94' title='bbox 734 1927 834 1990; x_wconf 89' lang='lat' dir='ltr'><strong>ritum</strong></span> <span class='ocrx_word' id='word_1_95' title='bbox 857 1933 890 1991; x_wconf 90' lang='lat' dir='ltr'><strong>ct</strong></span> <span class='ocrx_word' id='word_1_96' title='bbox 911 1927 1059 2010; x_wconf 86' lang='lat' dir='ltr'><strong>linguam</strong></span> <span class='ocrx_word' id='word_1_97' title='bbox 1080 1949 1159 2010; x_wconf 83' lang='lat' dir='ltr'><strong>gens</strong></span> <span class='ocrx_word' id='word_1_98' title='bbox 1183 1936 1240 1991; x_wconf 88' lang='lat' dir='ltr'><strong>tua</strong></span> 
     </span>
     <span class='ocr_line' id='line_1_14' title="bbox 285 2030 1240 2114; baseline 0.002 -22"><span class='ocrx_word' id='word_1_99' title='bbox 285 2051 351 2094; x_wconf 91' lang='lat' dir='ltr'><strong>non</strong></span> <span class='ocrx_word' id='word_1_100' title='bbox 365 2030 472 2094; x_wconf 86' lang='lat' dir='ltr'><strong>novit:</strong></span> <span class='ocrx_word' id='word_1_101' title='bbox 496 2051 557 2094; x_wconf 86' lang='lat' dir='ltr'><strong>nce</strong></span> <span class='ocrx_word' id='word_1_102' title='bbox 571 2030 752 2114; x_wconf 82' lang='lat' dir='ltr'><strong>expiabitur</strong></span> <span class='ocrx_word' id='word_1_103' title='bbox 767 2036 933 2113; x_wconf 85' lang='lat' dir='ltr'><strong>peccatum</strong></span> <span class='ocrx_word' id='word_1_104' title='bbox 954 2036 1049 2094; x_wconf 88' lang='lat' dir='ltr'><strong>tuum</strong></span> <span class='ocrx_word' id='word_1_105' title='bbox 1064 2031 1127 2093; x_wconf 92' lang='lat' dir='ltr'><strong>nisi</strong></span> <span class='ocrx_word' id='word_1_106' title='bbox 1141 2031 1240 2113; x_wconf 89' lang='lat' dir='ltr'><strong>longa</strong></span> 
     </span>
    </p>
   </div>
   <div class='ocr_carea' id='block_1_6' title="bbox 283 2132 1364 2217">
    <p class='ocr_par' dir='ltr' id='par_1_6' title="bbox 283 2132 1364 2217">
     <span class='ocr_line' id='line_1_15' title="bbox 283 2132 1364 2217; baseline 0.002 -22"><span class='ocrx_word' id='word_1_107' title='bbox 283 2132 442 2210; x_wconf 82' lang='lat' dir='ltr'><strong>vindicta3</strong></span> <span class='ocrx_word' id='word_1_108' title='bbox 465 2153 524 2196; x_wconf 89' lang='lat' dir='ltr'><strong>nec</strong></span> <span class='ocrx_word' id='word_1_109' title='bbox 547 2140 714 2217; x_wconf 88' lang='lat' dir='ltr'><strong>peccatum</strong></span> <span class='ocrx_word' id='word_1_110' title='bbox 737 2133 850 2196; x_wconf 84' lang='lat' dir='ltr'><strong>matris</strong></span> <span class='ocrx_word' id='word_1_111' title='bbox 871 2139 936 2197; x_wconf 88' lang='lat' dir='ltr'><strong>tuae</strong></span> <span class='ocrx_word' id='word_1_112' title='bbox 958 2140 991 2197; x_wconf 87' lang='lat' dir='ltr'><strong>et</strong></span> <span class='ocrx_word' id='word_1_113' title='bbox 1011 2133 1161 2212; x_wconf 86' lang='lat' dir='ltr'><strong>virorum,</strong></span> <span class='ocrx_word' id='word_1_114' title='bbox 1184 2135 1238 2217; x_wconf 90' lang='lat' dir='ltr'><strong>qui</strong></span> <span class='ocrx_word' id='word_1_115' title='bbox 1361 2209 1364 2214; x_wconf 26' lang='lat'><em>¹</em></span> 
     </span>
    </p>
   </div>
   <div class='ocr_carea' id='block_1_7' title="bbox 212 2235 1242 4458">
    <p class='ocr_par' dir='ltr' id='par_1_7' title="bbox 283 2235 1240 2734">
     <span class='ocr_line' id='line_1_16' title="bbox 283 2235 1239 2319; baseline 0.002 -21"><span class='ocrx_word' id='word_1_116' title='bbox 283 2235 501 2300; x_wconf 85' lang='lat' dir='ltr'><strong>interfuerunt</strong></span> <span class='ocrx_word' id='word_1_117' title='bbox 524 2236 656 2300; x_wconf 85' lang='lat' dir='ltr'><strong>consilio</strong></span> <span class='ocrx_word' id='word_1_118' title='bbox 678 2236 851 2319; x_wconf 88' lang='lat' dir='ltr'><strong>nequam.”</strong></span> <span class='ocrx_word' id='word_1_119' title='bbox 896 2237 967 2300; x_wconf 88' lang='lat' dir='ltr'><strong>Nec</strong></span> <span class='ocrx_word' id='word_1_120' title='bbox 987 2258 1091 2300; x_wconf 90' lang='lat' dir='ltr'><strong>unum</strong></span> <span class='ocrx_word' id='word_1_121' title='bbox 1105 2237 1239 2300; x_wconf 88' lang='lat' dir='ltr'><strong>verbum</strong></span> 
     </span>
     <span class='ocr_line' id='line_1_17' title="bbox 285 2338 1238 2422; baseline 0.002 -20"><span class='ocrx_word' id='word_1_122' title='bbox 285 2339 399 2402; x_wconf 87' lang='lat' dir='ltr'><strong>cecidit</strong></span> <span class='ocrx_word' id='word_1_123' title='bbox 414 2339 449 2400; x_wconf 93' lang='lat' dir='ltr'><strong>in</strong></span> <span class='ocrx_word' id='word_1_124' title='bbox 465 2345 594 2417; x_wconf 84' lang='lat' dir='ltr'><strong>terram,</strong></span> <span class='ocrx_word' id='word_1_125' title='bbox 607 2338 685 2422; x_wconf 92' lang='lat' dir='ltr'><strong>quin</strong></span> <span class='ocrx_word' id='word_1_126' title='bbox 702 2339 811 2402; x_wconf 91' lang='lat' dir='ltr'><strong>omnia</strong></span> <span class='ocrx_word' id='word_1_127' title='bbox 825 2345 936 2422; x_wconf 88' lang='lat' dir='ltr'><strong>postea</strong></span> <span class='ocrx_word' id='word_1_128' title='bbox 950 2340 1110 2422; x_wconf 87' lang='lat' dir='ltr'><strong>completa</strong></span> <span class='ocrx_word' id='word_1_129' title='bbox 1121 2348 1238 2404; x_wconf 87' lang='lat' dir='ltr'><strong>essent.</strong></span> 
     </span>
     <span class='ocr_line' id='line_1_18' title="bbox 284 2433 1240 2525; baseline 0.002 -21"><span class='ocrx_word' id='word_1_130' title='bbox 284 2441 398 2506; x_wconf 87' lang='lat' dir='ltr'><strong>Nubes</strong></span> <span class='ocrx_word' id='word_1_131' title='bbox 425 2441 612 2524; x_wconf 87' lang='lat' dir='ltr'><strong>sanguinea,</strong></span> <span class='ocrx_word' id='word_1_132' title='bbox 638 2433 727 2506; x_wconf 85' lang='lat' dir='ltr'><strong>nunc</strong></span> <span class='ocrx_word' id='word_1_133' title='bbox 752 2441 858 2524; x_wconf 88' lang='lat' dir='ltr'><strong>ignea,</strong></span> <span class='ocrx_word' id='word_1_134' title='bbox 880 2463 937 2525; x_wconf 88' lang='lat' dir='ltr'><strong>per</strong></span> <span class='ocrx_word' id='word_1_135' title='bbox 962 2448 1065 2506; x_wconf 92' lang='lat' dir='ltr'><strong>totam</strong></span> <span class='ocrx_word' id='word_1_136' title='bbox 1085 2443 1240 2524; x_wconf 88' lang='lat' dir='ltr'><strong>Angliam</strong></span> 
     </span>
     <span class='ocr_line' id='line_1_19' title="bbox 285 2544 1240 2629; baseline 0.002 -21"><span class='ocrx_word' id='word_1_137' title='bbox 285 2545 391 2609; x_wconf 87' lang='lat' dir='ltr'><strong>media</strong></span> <span class='ocrx_word' id='word_1_138' title='bbox 420 2552 516 2610; x_wconf 86' lang='lat' dir='ltr'><strong>nocte</strong></span> <span class='ocrx_word' id='word_1_139' title='bbox 545 2544 621 2624; x_wconf 83' lang='lat' dir='ltr'><strong>visa,</strong></span> <span class='ocrx_word' id='word_1_140' title='bbox 653 2545 737 2609; x_wconf 89' lang='lat' dir='ltr'><strong>circa</strong></span> <span class='ocrx_word' id='word_1_141' title='bbox 767 2566 914 2608; x_wconf 91' lang='lat' dir='ltr'><strong>auroram</strong></span> <span class='ocrx_word' id='word_1_142' title='bbox 945 2545 1112 2628; x_wconf 87' lang='lat' dir='ltr'><strong>disparuit,</strong></span> <span class='ocrx_word' id='word_1_143' title='bbox 1143 2567 1240 2629; x_wconf 89' lang='lat' dir='ltr'><strong>quam</strong></span> 
     </span>
     <span class='ocr_line' id='line_1_20' title="bbox 286 2648 932 2734; baseline -0.002 -22"><span class='ocrx_word' id='word_1_144' title='bbox 286 2648 387 2732; x_wconf 86' lang='lat' dir='ltr'><strong>Angli</strong></span> <span class='ocrx_word' id='word_1_145' title='bbox 402 2648 515 2731; x_wconf 86' lang='lat' dir='ltr'><strong>lingua</strong></span> <span class='ocrx_word' id='word_1_146' title='bbox 530 2669 588 2712; x_wconf 87' lang='lat' dir='ltr'><strong>sua</strong></span> <span class='ocrx_word' id='word_1_147' title='bbox 603 2648 755 2734; x_wconf 85' lang='lat' dir='ltr'><strong>Blodgite</strong></span> <span class='ocrx_word' id='word_1_148' title='bbox 770 2648 932 2712; x_wconf 85' lang='lat' dir='ltr'><strong>dixerunt.</strong></span> 
     </span>
    </p>

    <p class='ocr_par' dir='ltr' id='par_1_8' title="bbox 212 2751 1242 3946">
     <span class='ocr_line' id='line_1_21' title="bbox 327 2751 1240 2834; baseline -0.001 -19"><span class='ocrx_word' id='word_1_149' title='bbox 327 2753 413 2815; x_wconf 74' lang='lat' dir='ltr'><strong>Al).</strong></span> <span class='ocrx_word' id='word_1_150' title='bbox 437 2755 511 2817; x_wconf 81' lang='lat'>979.</span> <span class='ocrx_word' id='word_1_151' title='bbox 557 2751 699 2815; x_wconf 86' lang='lat' dir='ltr'><strong>Estrilda</strong></span> <span class='ocrx_word' id='word_1_152' title='bbox 720 2751 881 2834; x_wconf 89' lang='lat' dir='ltr'><strong>quondam</strong></span> <span class='ocrx_word' id='word_1_153' title='bbox 904 2751 1025 2833; x_wconf 85' lang='lat' dir='ltr'><strong>regina,</strong></span> <span class='ocrx_word' id='word_1_154' title='bbox 1049 2751 1153 2815; x_wconf 88' lang='lat' dir='ltr'><strong>sancti</strong></span> <span class='ocrx_word' id='word_1_155' title='bbox 1174 2751 1240 2814; x_wconf 87' lang='lat' dir='ltr'><strong>Ed-</strong></span> 
     </span>
     <span class='ocr_line' id='line_1_22' title="bbox 286 2853 1241 2933; baseline 0.002 -17"><span class='ocrx_word' id='word_1_156' title='bbox 286 2853 384 2917; x_wconf 87' lang='lat' dir='ltr'><strong>wardi</strong></span> <span class='ocrx_word' id='word_1_157' title='bbox 405 2853 615 2933; x_wconf 85' lang='lat' dir='ltr'><strong>interfectrix,</strong></span> <span class='ocrx_word' id='word_1_158' title='bbox 632 2853 696 2920; x_wconf 90' lang='lat' dir='ltr'><strong>duo</strong></span> <span class='ocrx_word' id='word_1_159' title='bbox 718 2853 921 2933; x_wconf 87' lang='lat' dir='ltr'><strong>monasteria,</strong></span> <span class='ocrx_word' id='word_1_160' title='bbox 942 2853 976 2916; x_wconf 92' lang='lat' dir='ltr'><strong>id</strong></span> <span class='ocrx_word' id='word_1_161' title='bbox 996 2861 1055 2932; x_wconf 86' lang='lat' dir='ltr'><strong>est,</strong></span> <span class='ocrx_word' id='word_1_162' title='bbox 1071 2854 1241 2918; x_wconf 87' lang='lat' dir='ltr'><strong>Warewcll</strong></span> 
     </span>
     <span class='ocr_line' id='line_1_23' title="bbox 285 2957 1241 3042; baseline -0.001 -21"><span class='ocrx_word' id='word_1_163' title='bbox 285 2963 317 3021; x_wconf 85' lang='lat' dir='ltr'><strong>et</strong></span> <span class='ocrx_word' id='word_1_164' title='bbox 342 2957 572 3042; x_wconf 88' lang='lat' dir='ltr'><strong>Ambresbury,</strong></span> <span class='ocrx_word' id='word_1_165' title='bbox 591 2979 688 3022; x_wconf 90' lang='lat' dir='ltr'><strong>causa</strong></span> <span class='ocrx_word' id='word_1_166' title='bbox 709 2957 909 3040; x_wconf 87' lang='lat' dir='ltr'><strong>poenitcntiae</strong></span> <span class='ocrx_word' id='word_1_167' title='bbox 928 2957 1118 3021; x_wconf 86' lang='lat' dir='ltr'><strong>construxit.</strong></span> <span class='ocrx_word' id='word_1_168' title='bbox 1164 2957 1241 3021; x_wconf 90' lang='lat' dir='ltr'><strong>Dux</strong></span> 
     </span>
     <span class='ocr_line' id='line_1_24' title="bbox 286 3059 1240 3143; baseline 0 -20"><span class='ocrx_word' id='word_1_169' title='bbox 286 3060 383 3123; x_wconf 87' lang='lat' dir='ltr'><strong>etiam</strong></span> <span class='ocrx_word' id='word_1_170' title='bbox 403 3059 601 3124; x_wconf 79' lang='lat' dir='ltr'><strong>Marciorum</strong></span> <span class='ocrx_word' id='word_1_171' title='bbox 615 3060 781 3124; x_wconf 88' lang='lat' dir='ltr'><strong>Wulfcrus</strong></span> <span class='ocrx_word' id='word_1_172' title='bbox 802 3081 877 3123; x_wconf 91' lang='lat' dir='ltr'><strong>cum</strong></span> <span class='ocrx_word' id='word_1_173' title='bbox 900 3059 1109 3124; x_wconf 85' lang='lat' dir='ltr'><strong>multitudine</strong></span> <span class='ocrx_word' id='word_1_174' title='bbox 1130 3061 1240 3143; x_wconf 92' lang='lat' dir='ltr'><strong>populi</strong></span> 
     </span>
     <span class='ocr_line' id='line_1_25' title="bbox 212 3162 1240 3246; baseline -0.002 -20"><span class='ocrx_word' id='word_1_175' title='bbox 212 3163 215 3168; x_wconf 75' lang='grc'>’</span> <span class='ocrx_word' id='word_1_176' title='bbox 285 3162 325 3226; x_wconf 86' lang='lat' dir='ltr'><strong>ad</strong></span> <span class='ocrx_word' id='word_1_177' title='bbox 339 3163 473 3226; x_wconf 88' lang='lat' dir='ltr'><strong>Weram</strong></span> <span class='ocrx_word' id='word_1_178' title='bbox 486 3162 662 3243; x_wconf 73' lang='lat' dir='ltr'><strong>vanientes,</strong></span> <span class='ocrx_word' id='word_1_179' title='bbox 673 3163 776 3227; x_wconf 86' lang='lat' dir='ltr'><strong>sancti</strong></span> <span class='ocrx_word' id='word_1_180' title='bbox 788 3163 936 3226; x_wconf 83' lang='lat' dir='ltr'><strong>Edwardi</strong></span> <span class='ocrx_word' id='word_1_181' title='bbox 947 3163 1032 3246; x_wconf 87' lang='lat' dir='ltr'><strong>regis</strong></span> <span class='ocrx_word' id='word_1_182' title='bbox 1045 3170 1078 3226; x_wconf 92' lang='lat' dir='ltr'><strong>et</strong></span> <span class='ocrx_word' id='word_1_183' title='bbox 1089 3163 1240 3246; x_wconf 86' lang='lat' dir='ltr'><strong>martyris</strong></span> 
     </span>
     <span class='ocr_line' id='line_1_26' title="bbox 285 3264 1242 3349; baseline -0.002 -21"><span class='ocrx_word' id='word_1_184' title='bbox 285 3286 398 3349; x_wconf 89' lang='lat' dir='ltr'><strong>corpus</strong></span> <span class='ocrx_word' id='word_1_185' title='bbox 428 3266 468 3329; x_wconf 84' lang='lat' dir='ltr'><strong>dc</strong></span> <span class='ocrx_word' id='word_1_186' title='bbox 493 3264 620 3330; x_wconf 91' lang='lat' dir='ltr'><strong>tumulo</strong></span> <span class='ocrx_word' id='word_1_187' title='bbox 645 3266 742 3330; x_wconf 89' lang='lat' dir='ltr'><strong>levari</strong></span> <span class='ocrx_word' id='word_1_188' title='bbox 765 3265 852 3345; x_wconf 86' lang='lat' dir='ltr'><strong>fecit,</strong></span> <span class='ocrx_word' id='word_1_189' title='bbox 875 3264 932 3328; x_wconf 90' lang='lat' dir='ltr'><strong>ubi</strong></span> <span class='ocrx_word' id='word_1_190' title='bbox 959 3265 1061 3328; x_wconf 90' lang='lat' dir='ltr'><strong>multa</strong></span> <span class='ocrx_word' id='word_1_191' title='bbox 1087 3264 1242 3327; x_wconf 86' lang='lat' dir='ltr'><strong>miracula</strong></span> 
     </span>
     <span class='ocr_line' id='line_1_27' title="bbox 284 3367 1240 3452; baseline -0.001 -21"><span class='ocrx_word' id='word_1_192' title='bbox 284 3369 370 3432; x_wconf 87' lang='lat' dir='ltr'><strong>facta</strong></span> <span class='ocrx_word' id='word_1_193' title='bbox 384 3376 460 3432; x_wconf 89' lang='lat' dir='ltr'><strong>sunt</strong></span> <span class='ocrx_word' id='word_1_194' title='bbox 469 3395 479 3449; x_wconf 80' lang='lat'>3</span> <span class='ocrx_word' id='word_1_195' title='bbox 503 3370 588 3452; x_wconf 92' lang='lat' dir='ltr'><strong>quod</strong></span> <span class='ocrx_word' id='word_1_196' title='bbox 604 3391 704 3452; x_wconf 89' lang='lat' dir='ltr'><strong>quum</strong></span> <span class='ocrx_word' id='word_1_197' title='bbox 725 3375 807 3433; x_wconf 89' lang='lat' dir='ltr'><strong>esset</strong></span> <span class='ocrx_word' id='word_1_198' title='bbox 825 3367 996 3445; x_wconf 88' lang='lat' dir='ltr'><strong>nudatum,</strong></span> <span class='ocrx_word' id='word_1_199' title='bbox 1013 3388 1129 3430; x_wconf 87' lang='lat' dir='ltr'><strong>sanum</strong></span> <span class='ocrx_word' id='word_1_200' title='bbox 1143 3373 1240 3449; x_wconf 88' lang='lat' dir='ltr'><strong>atque</strong></span> 
     </span>
     <span class='ocr_line' id='line_1_28' title="bbox 284 3469 1240 3554; baseline -0.001 -20"><span class='ocrx_word' id='word_1_201' title='bbox 284 3470 445 3550; x_wconf 82' lang='lat' dir='ltr'><strong>incolume</strong></span> <span class='ocrx_word' id='word_1_202' title='bbox 475 3471 514 3535; x_wconf 89' lang='lat' dir='ltr'><strong>ab</strong></span> <span class='ocrx_word' id='word_1_203' title='bbox 545 3471 634 3536; x_wconf 92' lang='lat' dir='ltr'><strong>omni</strong></span> <span class='ocrx_word' id='word_1_204' title='bbox 664 3471 856 3554; x_wconf 84' lang='lat' dir='ltr'><strong>contagione</strong></span> <span class='ocrx_word' id='word_1_205' title='bbox 886 3477 918 3533; x_wconf 87' lang='lat' dir='ltr'><strong>ct</strong></span> <span class='ocrx_word' id='word_1_206' title='bbox 956 3469 1046 3533; x_wconf 91' lang='lat' dir='ltr'><strong>clade</strong></span> <span class='ocrx_word' id='word_1_207' title='bbox 1075 3475 1240 3552; x_wconf 89' lang='lat' dir='ltr'><strong>repertum</strong></span> 
     </span>
     <span class='ocr_line' id='line_1_29' title="bbox 285 3571 1240 3654; baseline -0.002 -18"><span class='ocrx_word' id='word_1_208' title='bbox 285 3580 351 3637; x_wconf 91' lang='lat' dir='ltr'><strong>est:</strong></span> <span class='ocrx_word' id='word_1_209' title='bbox 389 3573 493 3637; x_wconf 90' lang='lat' dir='ltr'><strong>lotum</strong></span> <span class='ocrx_word' id='word_1_210' title='bbox 520 3574 646 3654; x_wconf 84' lang='lat' dir='ltr'><strong>deinde,</strong></span> <span class='ocrx_word' id='word_1_211' title='bbox 670 3573 760 3638; x_wconf 87' lang='lat' dir='ltr'><strong>novis</strong></span> <span class='ocrx_word' id='word_1_212' title='bbox 784 3572 984 3636; x_wconf 90' lang='lat' dir='ltr'><strong>vestimentis</strong></span> <span class='ocrx_word' id='word_1_213' title='bbox 1008 3571 1172 3650; x_wconf 90' lang='lat' dir='ltr'><strong>indutum,</strong></span> <span class='ocrx_word' id='word_1_214' title='bbox 1199 3572 1240 3635; x_wconf 88' lang='lat' dir='ltr'><strong>ad</strong></span> 
     </span>
     <span class='ocr_line' id='line_1_30' title="bbox 286 3675 1239 3760; baseline -0.001 -21"><span class='ocrx_word' id='word_1_215' title='bbox 286 3675 509 3760; x_wconf 86' lang='lat' dir='ltr'><strong>Scbaftisbury</strong></span> <span class='ocrx_word' id='word_1_216' title='bbox 546 3683 595 3740; x_wconf 86' lang='lat' dir='ltr'><strong>cst</strong></span> <span class='ocrx_word' id='word_1_217' title='bbox 632 3677 787 3755; x_wconf 85' lang='lat' dir='ltr'><strong>delatum,</strong></span> <span class='ocrx_word' id='word_1_218' title='bbox 818 3683 851 3739; x_wconf 88' lang='lat' dir='ltr'><strong>et</strong></span> <span class='ocrx_word' id='word_1_219' title='bbox 883 3675 1058 3739; x_wconf 87' lang='lat' dir='ltr'><strong>honorifice</strong></span> <span class='ocrx_word' id='word_1_220' title='bbox 1097 3675 1239 3739; x_wconf 85' lang='lat' dir='ltr'><strong>tumula-</strong></span> 
     </span>
     <span class='ocr_line' id='line_1_31' title="bbox 284 3778 1240 3863; baseline 0.002 -22"><span class='ocrx_word' id='word_1_221' title='bbox 284 3784 367 3844; x_wconf 89' lang='lat' dir='ltr'><strong>tum.</strong></span> <span class='ocrx_word' id='word_1_222' title='bbox 412 3778 503 3842; x_wconf 89' lang='lat' dir='ltr'><strong>Obiit</strong></span> <span class='ocrx_word' id='word_1_223' title='bbox 525 3801 608 3863; x_wconf 87' lang='lat' dir='ltr'><strong>papa</strong></span> <span class='ocrx_word' id='word_1_224' title='bbox 626 3781 647 3843; x_wconf 89' lang='lat' dir='ltr'><strong>J</strong></span> <span class='ocrx_word' id='word_1_225' title='bbox 649 3780 792 3845; x_wconf 86' lang='lat' dir='ltr'><strong>ohannes</strong></span> <span class='ocrx_word' id='word_1_226' title='bbox 807 3779 877 3842; x_wconf 87' lang='lat' dir='ltr'><strong>XII</strong></span> <span class='ocrx_word' id='word_1_227' title='bbox 893 3778 946 3843; x_wconf 88' lang='lat' dir='ltr'><strong>cui</strong></span> <span class='ocrx_word' id='word_1_228' title='bbox 969 3779 1120 3842; x_wconf 88' lang='lat' dir='ltr'><strong>successit</strong></span> <span class='ocrx_word' id='word_1_229' title='bbox 1135 3778 1240 3844; x_wconf 85' lang='lat' dir='ltr'><strong>Bene-</strong></span> 
     </span>
     <span class='ocr_line' id='line_1_32' title="bbox 286 3875 554 3946; baseline 0.004 -2"><span class='ocrx_word' id='word_1_230' title='bbox 286 3881 391 3946; x_wconf 89' lang='lat' dir='ltr'><strong>dictus</strong></span> <span class='ocrx_word' id='word_1_231' title='bbox 405 3882 466 3945; x_wconf 85' lang='lat' dir='ltr'><strong>VI.</strong></span> <span class='ocrx_word' id='word_1_232' title='bbox 503 3875 507 3882; x_wconf 77' lang='grc'><strong>’</strong></span> <span class='ocrx_word' id='word_1_233' title='bbox 549 3896 554 3904; x_wconf 87' lang='grc'><em>·</em></span> 
     </span>
    </p>

    <p class='ocr_par' dir='ltr' id='par_1_9' title="bbox 286 3984 1239 4377">
     <span class='ocr_line' id='line_1_33' title="bbox 327 3984 1239 4068; baseline -0.001 -21"><span class='ocrx_word' id='word_1_234' title='bbox 327 3985 413 4047; x_wconf 91' lang='lat' dir='ltr'><strong>A.D.</strong></span> <span class='ocrx_word' id='word_1_235' title='bbox 441 3986 515 4047; x_wconf 89' lang='grc'><strong>980.</strong></span> <span class='ocrx_word' id='word_1_236' title='bbox 561 3984 648 4048; x_wconf 89' lang='lat' dir='ltr'><strong>Dani</strong></span> <span class='ocrx_word' id='word_1_237' title='bbox 674 3992 706 4050; x_wconf 88' lang='lat' dir='ltr'><strong>et</strong></span> <span class='ocrx_word' id='word_1_238' title='bbox 728 3985 972 4068; x_wconf 84' lang='lat' dir='ltr'><strong>Norwegienses</strong></span> <span class='ocrx_word' id='word_1_239' title='bbox 998 3984 1153 4066; x_wconf 88' lang='lat' dir='ltr'><strong>Angliam</strong></span> <span class='ocrx_word' id='word_1_240' title='bbox 1178 4006 1239 4047; x_wconf 92' lang='lat' dir='ltr'><strong>un·</strong></span> 
     </span>
     <span class='ocr_line' id='line_1_34' title="bbox 286 4085 1239 4171; baseline 0.002 -23"><span class='ocrx_word' id='word_1_241' title='bbox 286 4085 381 4168; x_wconf 88' lang='lat' dir='ltr'><strong>dique</strong></span> <span class='ocrx_word' id='word_1_242' title='bbox 407 4086 613 4151; x_wconf 88' lang='lat' dir='ltr'><strong>conturbant.</strong></span> <span class='ocrx_word' id='word_1_243' title='bbox 665 4088 902 4171; x_wconf 87' lang='lat' dir='ltr'><strong>Southampton</strong></span> <span class='ocrx_word' id='word_1_244' title='bbox 926 4109 946 4150; x_wconf 92' lang='lat' dir='ltr'><strong>a</strong></span> <span class='ocrx_word' id='word_1_245' title='bbox 971 4087 1102 4151; x_wconf 86' lang='lat' dir='ltr'><strong>Danicis</strong></span> <span class='ocrx_word' id='word_1_246' title='bbox 1128 4087 1239 4170; x_wconf 82' lang='lat' dir='ltr'><strong>piratis</strong></span> 
     </span>
     <span class='ocr_line' id='line_1_35' title="bbox 286 4187 1239 4273; baseline -0.001 -22"><span class='ocrx_word' id='word_1_247' title='bbox 286 4187 487 4266; x_wconf 82' lang='lat' dir='ltr'><strong>devastatur3</strong></span> <span class='ocrx_word' id='word_1_248' title='bbox 525 4210 586 4253; x_wconf 90' lang='lat' dir='ltr'><strong>nec</strong></span> <span class='ocrx_word' id='word_1_249' title='bbox 615 4190 718 4254; x_wconf 87' lang='lat' dir='ltr'><strong>multo</strong></span> <span class='ocrx_word' id='word_1_250' title='bbox 747 4197 820 4273; x_wconf 86' lang='lat' dir='ltr'><strong>post</strong></span> <span class='ocrx_word' id='word_1_251' title='bbox 849 4190 989 4253; x_wconf 89' lang='lat' dir='ltr'><strong>insulam</strong></span> <span class='ocrx_word' id='word_1_252' title='bbox 1018 4188 1122 4251; x_wconf 81' lang='lat' dir='ltr'><strong>&#39;lauet</strong></span> <span class='ocrx_word' id='word_1_253' title='bbox 1151 4187 1239 4251; x_wconf 92' lang='lat' dir='ltr'><strong>Dani</strong></span> 
     </span>
     <span class='ocr_line' id='line_1_36' title="bbox 286 4289 1239 4377; baseline 0 -25"><span class='ocrx_word' id='word_1_254' title='bbox 286 4289 538 4375; x_wconf 87' lang='lat' dir='ltr'><strong>depopulantur:</strong></span> <span class='ocrx_word' id='word_1_255' title='bbox 562 4313 625 4375; x_wconf 92' lang='lat' dir='ltr'><strong>quo</strong></span> <span class='ocrx_word' id='word_1_256' title='bbox 646 4292 744 4356; x_wconf 88' lang='lat' dir='ltr'><strong>etiam</strong></span> <span class='ocrx_word' id='word_1_257' title='bbox 764 4314 851 4358; x_wconf 88' lang='lat' dir='ltr'><strong>anno</strong></span> <span class='ocrx_word' id='word_1_258' title='bbox 870 4291 1035 4377; x_wconf 90' lang='lat' dir='ltr'><strong>provincia</strong></span> <span class='ocrx_word' id='word_1_259' title='bbox 1059 4290 1143 4355; x_wconf 87' lang='lat' dir='ltr'><strong>circa</strong></span> <span class='ocrx_word' id='word_1_260' title='bbox 1164 4289 1239 4354; x_wconf 89' lang='lat' dir='ltr'><strong>civi-</strong></span> 
     </span>
    </p>

    <p class='ocr_par' dir='ltr' id='par_1_10' title="bbox 756 4417 777 4458">
     <span class='ocr_line' id='line_1_37' title="bbox 756 4417 777 4458; baseline 0 0"><span class='ocrx_word' id='word_1_261' title='bbox 756 4417 777 4458; x_wconf 85' lang='lat' dir='ltr'><strong>n</strong></span> 
     </span>
    </p>
   </div>
   <div class='ocr_carea' id='block_1_8' title="bbox 0 0 1622 5100">
    <p class='ocr_par' dir='ltr' id='par_1_11' title="bbox 0 0 1622 5100">
     <span class='ocr_line' id='line_1_38' title="bbox 0 0 1622 5100; baseline 0 0"><span class='ocrx_word' id='word_1_262' title='bbox 0 0 1622 5100; x_wconf 95' lang='lat' dir='ltr'><strong> </strong></span> 
     </span>
    </p>
   </div>
  </div>
 </body>
</html>
